2507 4119
532 440 595 478 lv
1164 423 1481 464 ruurxno.

536 601 805 668 alienum
874 611 1007 656 esse
1071 589 1378 652 videatur.
1479 582 1687 648 Finita
1748 577 2132 644 institutione

541 732 870 799 domestica
932 728 1191 810 primum
1247 724 1479 786 Romae
1494 765 1511 797 ,
1575 715 1796 781 deinde
1852 676 2131 792 Parisiis,

533 866 641 932 nbi
685 884 759 929 eo
803 870 1077 943 tempore
1123 833 1290 920 artes
1310 843 1397 916 ‘et
1440 851 1648 915 studia
1680 848 1901 912 eximie
1945 845 2133 909 flore-

535 1001 690 1064 bant
747 1004 811 1060 et
863 973 944 1060 ab
1000 990 1257 1056 eruditis
1318 988 1475 1051 viris
1518 1003 1746 1067 magna
1790 998 1925 1044 cum
1982 997 2134 1042 cura

537 1127 986 1194 exercebantur
1029 1121 1550 1202 tradebanturque
1576 1166 1592 1198 ,
1644 1115 1887 1180 tandem
1929 1112 2133 1174 Bono-

541 1263 718 1340 niae,
763 1277 918 1343 quae
953 1256 1031 1320 ob
1076 1253 1407 1335 insigniter
1450 1250 1536 1314 ibi
1577 1252 1802 1313 cultam
1832 1247 2134 1327 iurispru-

544 1394 812 1458 dentiam
853 1399 977 1456 tam
1021 1389 1267 1452 civilem
1295 1405 1474 1470 quam
1510 1376 1989 1446 ecclesiasticam
2033 1397 2134 1440 ce-

539 1523 932 1601 lebrabatur,
971 1521 1055 1585 ad
1095 1518 1448 1582 litterarum
1486 1515 1692 1578 studia
1747 1510 2021 1576 incubuit
2064 1527 2139 1572 eo

541 1678 850 1740 successu,
880 1664 951 1720 ut
976 1658 1235 1720 Romam
1256 1672 1565 1733 reversus,
1608 1671 1774 1716 anno
1800 1648 2023 1715 aetatis
2043 1646 2145 1710 vi-

545 1793 779 1876 gesimo
808 1811 971 1854 nono
997 1787 1265 1851 nondum
1300 1793 1610 1869 superato,
1636 1804 1675 1846 a
1698 1783 2011 1848 Clemente
2036 1782 2142 1844 111.

543 1944 730 2009 papa,
772 1923 878 2008 qui
923 1924 998 1986 de
1042 1923 1172 1985 eius
1217 1920 1529 2001 doctrina,
1574 1916 1933 1994 eruditione,
1977 1915 2147 1976 vitae
2240 1915 2245 1920 '

552 2064 616 2121 ct
655 2075 891 2119 morum
949 2053 1262 2138 probitate
1320 2052 1552 2116 certior
1606 2050 1807 2113 factus
1864 2053 2001 2113 erat
2014 2089 2035 2123 ‚
2079 2046 2147 2110 in

551 2188 914 2271 dignitatem
958 2184 1295 2251 cardinalis
1340 2182 1585 2248 diaconi
1624 2182 1804 2245 titulo
1848 2180 2147 2245 ecclesiae

547 2324 903 2383 sanctorum
951 2316 1168 2399 Sergii
1211 2324 1275 2380 et
1326 2316 1521 2379 Bachi
1578 2314 1810 2379 ascitus
1870 2313 1935 2375 in
1990 2331 2155 2395 gra-

443 2442 452 2453 ’
549 2452 832 2517 vioribus
889 2442 1463 2535 difficilioribusque
1520 2450 1817 2513 ecclesiae
1879 2445 2153 2528 negotiis

547 2582 896 2666 dirigendis
939 2588 1002 2646 ct
1049 2581 1453 2645 decernendis
1506 2579 1917 2643 adhiberetur.
2007 2574 2151 2639 cle-

547 2723 751 2782 mente
791 2716 925 2779 vita
967 2716 1255 2778 defuncto
1300 2719 1363 2775 et
1403 2711 1753 2776 coelestino
1790 2712 1897 2773 111.
1945 2709 2013 2771 in
2034 2725 2159 2785 ‘se-2

492 2897 498 2905 .
551 2850 690 2913 den
735 2849 1136 2931 apostolicam
1178 2852 1405 2909 vocato
1441 2843 1773 2909 Lotharius
1815 2840 2155 2907 cardinalis

555 2983 818 3066 publicis
855 2980 1151 3046 ecclesiae
1193 2979 1378 3042 rebus
1414 2956 1610 3041 minus
1653 2984 1985 3058 occupatus
2026 2975 2155 3039 otio

553 3136 667 3181 suo
717 3138 862 3181 usus
903 3123 998 3179 est
1027 3116 1106 3179 ad
1148 3114 1507 3179 scribendos
1549 3112 1747 3177 libros
1788 3112 1855 3175 in
1894 3129 2155 3196 sequena

553 3251 718 3315 tibus
764 3251 1014 3335 'paginis
1057 3252 1256 3313 denuo
1302 3249 1520 3329 editoS,
1565 3248 1629 3310 in
1664 3248 1883 3328 quibus
1920 3247 2003 3311 ad
2047 3247 2157 3309 de.
