2507 4119
15 3202 26 3517 <,-.--...-
15 3090 36 3115 Ὗ

1005 442 1327 482 rauranu-
1914 443 1973 478 11

366 607 546 690 aequi
601 607 834 670 iudices
891 607 946 670 si
1005 606 1413 688 agnoverint,
1458 605 1615 669 satis
1670 621 1967 685 magnum

364 742 602 808 laboris
645 742 903 822 pretium
943 741 1162 804 tulisse
1203 740 1381 804 nobis
1426 738 1786 802 videbimur.

534 872 798 938 collatis
842 871 1170 935 editionum
1195 871 1609 955 antiquiorum
1642 871 1961 950 exempla-

360 1000 556 1080 ribus,
599 1009 897 1085 quotquot
939 1003 1200 1085 adipisci
1244 1002 1549 1085 potuimus
1565 1046 1583 1081 ,
1630 1008 1757 1066 tam
1795 1002 1965 1064 inter

361 1155 456 1215 se,
496 1156 676 1220 quam
716 1157 850 1201 cum
907 1139 1119 1204 codice
1167 1139 1233 1201 in
1283 1155 1658 1219 pergameno
1704 1135 1963 1199 minoris

365 1272 604 1335 formae
635 1270 790 1350 (Svo
821 1271 1087 1352 minore)
1111 1271 1410 1336 Coloniae
1435 1292 1494 1336 a.
1514 1273 1681 1334 1425
1704 1271 1960 1353 scripto,

370 1407 550 1485 quem
591 1403 821 1466 amicus
872 1404 952 1468 ad
1006 1404 1168 1467 hunc
1225 1405 1406 1466 finem
1452 1404 1629 1468 nobis
1691 1404 1959 1482 benigne

368 1535 798 1614 commodavit,
841 1536 1216 1618 aptissimum
1263 1535 1439 1599 nobis
1481 1536 1680 1600 visum
1715 1519 1818 1600 ‘cst
1835 1586 1851 1613 ,
1900 1537 1967 1600 in

363 1667 484 1731 bac
531 1687 698 1733 nova
739 1668 1008 1732 editione
1049 1687 1183 1732 eum
1223 1668 1431 1750 operis
1470 1675 1821 1732 contextum
1863 1685 1971 1730 rc-

308 1867 310 1872 .
359 1803 640 1883 stituere,
683 1822 861 1887 quem
894 1804 1174 1868 auctoris
1218 1823 1413 1885 opera
1455 1804 1521 1866 in
1562 1822 1744 1867 unum
1786 1805 1973 1867 volu-

361 1953 502 1998 men
545 1946 844 2019 congesta
885 1957 942 2002 a.
982 1937 1257 2017 Mum„
1307 1938 1505 2001 denuo
1556 1943 1743 2000 aucta
1792 1942 1857 1998 et
1896 1934 1965 1996 in

366 2069 486 2133 duo
527 2073 840 2134 volumina
881 2071 1209 2137 distributa
1245 2091 1305 2135 a.
1328 2071 1702 2137 Mnhxxv.
1740 2072 1805 2135 in
1832 2090 1965 2135 na·

361 2200 496 2266 iore
538 2205 760 2283 forma,
802 2221 960 2286 quae
989 2204 1054 2267 in
1093 2203 1249 2267 folio
1283 2203 1404 2267 dici
1434 2203 1612 2283 solet,
1658 2202 1959 2268 Coloniae

359 2335 530 2401 edita
571 2335 882 2400 exhibent.
968 2338 1293 2401 Lectiones
1325 2337 1767 2419 discrepantes,
1810 2356 1963 2421 quas

359 2467 426 2530 in
469 2468 732 2533 aliarum
775 2466 1104 2532 editionum
1146 2469 1603 2551 exemplaribus
1638 2477 1703 2531 et
1742 2469 1809 2532 in
1850 2489 1963 2532 co-

361 2601 497 2663 dice
540 2619 731 2681 supra
771 2602 1097 2685 designato
1135 2602 1509 2681 invenimus,
1566 2602 1681 2664 sub
1723 2608 1959 2667 textum

357 2732 721 2797 addidimus.
805 2734 904 2797 Ad
947 2735 1418 2816 significandum
1435 2783 1453 2815 ,
1495 2741 1701 2798 utrum
1739 2735 1805 2798 in
1850 2754 1961 2798 co-

305 2897 310 2901 ·
361 2866 532 2948 dice,
577 2886 656 2931 an
702 2868 766 2931 in
827 2869 968 2932 aliis
1010 2868 1381 2933 editionibus
1431 2875 1491 2932 et
1550 2888 1675 2952 qua
1714 2868 1779 2933 in
1824 2867 1965 2949 edif-

357 2998 526 3062 tione
589 3000 886 3063 lectiones
951 3001 1373 3081 discrepantes
1437 3009 1721 3083 repertae
1795 3002 1919 3065 sint
1939 3048 1959 3073 .

354 3132 678 3197 brevitatis
713 3153 903 3199 causa
941 3135 1036 3198 usi
1078 3154 1284 3199 sumus
1328 3136 1491 3199 notis
1531 3137 1619 3211 Μ,
1664 3135 1735 3212 C,
1774 3136 1835 3211 J,
1878 3136 1959 3199 A.

353 3265 426 3327 ln
469 3265 564 3329 bis
609 3266 676 3331 Μ
731 3267 1044 3349 significat
1083 3269 1355 3334 codicem
1408 3288 1591 3334 manu
1634 3271 1951 3352 scriptum,
