2507 4119
641 453 720 511 40
1169 467 1483 508 mucosum
1520 469 1603 507 rr.
1642 469 1731 506 ιη.

645 613 770 658 non
813 594 998 659 facile
1040 595 1519 676 concupiscitur.
1582 592 1705 656 Sed
1749 592 1999 656 difficile
2036 597 2256 656 custo-

645 704 845 785 ditur,
896 705 1060 786 quod
1099 724 1134 767 a
1193 707 1395 768 multis
1444 704 1751 788 diligitur,
1815 710 1876 766 et
1926 702 2251 766 molestum

645 818 742 875 est
777 814 1144 896 possidere,
1201 812 1367 893 quod
1424 819 1607 874 nemo
1652 812 1939 894 dignatur
1994 809 2249 874 habere.

643 921 817 983 Alius
843 924 1062 1000 forma,
1103 920 1257 984 alius
1292 920 1571 1002 ingenie,
1613 918 1768 983 alius
1794 918 2057 997 facetiis,
2092 918 2249 982 alius

591 1027 1009 1092 sliberalitate
1055 1030 1355 1104 solicitat3
1414 1033 1479 1092 et
1526 1046 1605 1090 cx
1648 1026 1851 1107 aliqua
1907 1031 2082 1104 parte
2136 1043 2251 1088 ca-

640 1139 822 1216 pitur,
873 1138 1033 1216 quod
1079 1138 1349 1218 undique
1394 1135 1745 1198 incessitur.
1792 1133 2001 1214 Equus
2025 1139 2088 1196 et
2114 1133 2250 1196 asi.-

640 1261 798 1316 nuS,
838 1245 954 1307 bos
999 1250 1061 1307 et
1103 1245 1316 1323 canis,
1357 1244 1550 1308 vestis
1608 1248 1672 1306 et
1723 1242 2017 1315 lectulus,
2084 1242 2249 1305 calix

643 1352 824 1415 etiam
899 1359 959 1415 et
1017 1353 1307 1416 urceolus
1363 1355 1531 1434 prius
1592 1353 1969 1432 probantur,
2028 1357 2249 1432 postea

643 1467 1094 1541 comparantur.
1139 1463 1379 1542 Sponsa
1425 1479 1577 1524 vero
1604 1461 1713 1524 vix
1752 1461 1997 1524 tandem
2030 1467 2251 1522 osten-

563 1583 619 1630 ιο
643 1571 824 1645 ditur,
869 1586 950 1630 ne
995 1569 1162 1648 prius
1207 1567 1528 1648 displiceat
1568 1583 1744 1647 quam
1790 1565 2067 1644 ducatur,
2094 1583 2251 1646 qua·-

640 1679 928 1756 licunque
979 1681 1182 1738 tamen
1231 1693 1383 1737 casu
1443 1675 1807 1748 obvenerit,
1868 1691 2115 1754 semper
2155 1677 2252 1736 est

638 1786 944 1850 habenda.
1033 1785 1098 1847 Si
1141 1784 1351 1862 foeda,
1396 1783 1452 1846 si
1496 1783 1769 1862 foetida,
1816 1783 1871 1846 si
1916 1801 2149 1866 aegra,
2192 1782 2249 1846 si

638 1895 803 1958 fatua
834 1940 854 1972 ,
899 1894 956 1958 si
999 1893 1265 1974 superba
1293 1939 1312 1972 ,
1370 1894 1423 1954 si
1472 1894 1811 1971 iracunda,
1868 1893 1923 1954 si
1974 1893 2249 1972 quolibet

641 2003 828 2065 modo
872 2003 1162 2080 vitiosa,‘²
1224 2000 1346 2063 nisi
1401 2004 1649 2080 propter
1692 1997 1885 2061 solam
1930 1997 2249 2063 fornifica-

560 2122 616 2169 15
643 2112 871 2173 tionem
933 2128 1056 2171 non
1096 2114 1301 2189 potest
1342 2125 1502 2173 uxor
1546 2128 1584 2171 a
1629 2109 1763 2170 viro
1810 2107 2047 2170 dimitti.
2120 2107 2246 2173 Sed

641 2236 760 2281 nec
817 2218 1126 2279 dimittens
1181 2222 1385 2296 potest
1427 2216 1607 2279 aliam
1652 2214 1925 2295 ducere,
1984 2234 2105 2279 nec
2146 2216 2248 2279 di-

641 2325 826 2387 missa
881 2323 986 2386 alii
1045 2328 1247 2404 potest
1292 2323 1589 2404 copulari.
1699 2324 1849 2386 Nam
1896 2323 2244 2405 quicunque

783 2477 838 2541 a)
875 2472 1090 2523 Hieron.
1129 2474 1249 2524 adv.
1288 2472 1463 2524 Jovin.
1494 2472 1613 2524 1..1.
1654 2473 1803 2526 c.47.
1844 2474 1927 2525 od.
1945 2470 2170 2525 vallars.

787 2663 836 2714 1.
885 2678 994 2713 non
1043 2660 1204 2727 facile
1253 2660 1657 2729 concupiscitur]
1711 2659 1874 2728 facile
1924 2663 2246 2729 concupiscit

639 2734 803 2787 Meu.
915 2732 970 2785 4.
995 2734 1132 2783 alius
1167 2733 1393 2798 facetiis,
1416 2731 1553 2782 alius
1581 2731 1811 2797 ingenio,
1848 2730 1983 2783 alius
2001 2732 2244 2785 liberali-

639 2814 746 2857 tate
780 2803 828 2856 J.
975 2804 1028 2855 5.
1067 2812 1115 2854 et
1149 2804 1227 2853 sic
1264 2804 1338 2854 Μ.
1484 2800 1538 2853 6.
1575 2802 1875 2871 incessitur]
1920 2804 2241 2869 insistitur-J,

641 2876 915 2927 lacessitur
952 2876 1031 2937 A,
1101 2875 1381 2925 incessitur
1414 2873 1649 2943 (snperp.
1686 2873 1877 2943 agitat)
1918 2874 1992 2925 M.
2044 2874 2244 2941 Equus,

641 2948 821 2998 asinus
860 2944 949 2998 GJ.
1099 2946 1150 2995 7.
1191 2946 1279 2995 bos
1318 2952 1367 2995 et
1403 2944 1555 2995 cauis
1594 2957 1697 2995 om.
1738 2942 1827 2995 CJ.
1970 2944 2025 2997 8.
2066 2955 2117 2997 et
2141 2962 2245 3015 po-

641 3026 755 3068 stea
790 3017 863 3067 Μ.
1027 3014 1112 3068 10.
1161 3016 1529 3082 qualiscunque
1564 3028 1715 3066 casus
1756 3019 1951 3079 (tomen
1980 3021 2111 3083 om.)
2144 3017 2243 3069 MJ.

647 3090 732 3138 11.
780 3085 1001 3159 semper]
1045 3088 1345 3137 necessario
1384 3086 1497 3137 MA.
1715 3086 1802 3136 12.
1853 3086 2119 3157 habenda]
2162 3098 2243 3140 te-

639 3156 817 3209 nendo
863 3159 934 3209 M.
1141 3157 1227 3207 13.
1277 3155 1496 3223 quolibet
1532 3156 1705 3227 modo]
1760 3157 2126 3223 quantumlibet
2164 3161 2241 3211 Μ.

647 3232 732 3279 14.
759 3228 864 3278 nisi
897 3242 998 3279 om.
1021 3228 1096 3279 M.
1217 3228 1301 3278 15.
1346 3243 1455 3278 non
1488 3242 1590 3279 om.
1618 3230 1693 3280 Μ.
1824 3227 1908 3278 17.
1944 3238 2112 3297 potest
2144 3228 2247 3281 alii

643 3298 884 3368 copulari
924 3300 996 3349 M.
1063 3298 1201 3350 Nam
1237 3298 1523 3365 quicunque
1560 3298 1811 3351 dimiserit
1842 3316 2057 3350 umorem
2090 3317 2241 3352 mans

643 3372 749 3423 nisi-
767 3371 830 3422 ob
846 3371 1270 3437 fornicationem,
1310 3380 1358 3421 et
1394 3368 1557 3421 aliam
1576 3371 1803 3435 duxerit,
1838 3370 2143 3423 moechatur
2161 3373 2237 3449 M·
