2507 4119
705 465 776 502 nn
813 465 966 502 conr.
989 465 1180 504 nuum.
1219 466 1411 504 mnu.
1782 454 1854 510 69

237 587 578 668 ruginavit,
627 594 690 652 et
733 605 968 672 aerugo
1015 606 1228 652 eorum
1270 589 1387 654 erit
1430 590 1607 653 vobis
1650 594 1713 654 in
1755 597 1856 654 te-

235 695 619 774 stimonium,
666 703 730 761 et
753 697 1144 761 manducabit
1185 715 1406 762 carnes
1432 703 1669 762 vestras
1692 700 1854 762 sicut

235 805 428 886 ignis'.
529 805 1018 870 Thesaurizastis
1063 808 1240 870 vobis
1304 808 1457 872 iram
1516 809 1583 870 in
1634 808 1854 872 novis-

235 913 416 978 simis
454 911 692 976 diebus.
778 913 948 976 Ecce
990 930 1232 976 merces
1282 915 1701 994 operariorum
1746 913 1851 993 qui

231 1026 630 1090 messuerunt
671 1020 964 1102 regiones
1021 1025 1301 1098 vestraS,
1363 1039 1518 1101 quae
1564 1021 1847 1084 fraudata
1873 1043 1903 1090 5

231 1137 332 1194 est
393 1149 430 1194 a
487 1129 704 1208 vobis,
750 1130 1011 1210 elamat,
1059 1138 1120 1192 et
1176 1131 1410 1194 clamor
1454 1132 1724 1211 ipsorum
1782 1131 1849 1194 in

229 1255 418 1301 aures
491 1238 721 1300 domini
788 1238 1048 1302 sabaoth
1101 1239 1429 1302 introivit.⁸
1515 1239 1847 1320 Propterea

225 1347 466 1410 veritas
526 1349 870 1426 praecepit:
931 1347 1133 1410 Nolite
1183 1349 1608 1411 thesaurizare
1662 1348 1843 1410 vobis

118 1479 134 1494 =
224 1452 562 1514 thesauros
616 1452 680 1513 in
723 1458 925 1530 terra,
974 1452 1078 1514 ubi
1126 1471 1360 1536 aerugo
1407 1459 1468 1515 et
1512 1455 1676 1516 tinea
1723 1453 1841 1515 de-

222 1560 501 1638 molitur,
550 1558 655 1621 ubi
695 1559 862 1622 fures
906 1559 1208 1622 effodiunt
1255 1567 1316 1623 et
1358 1563 1686 1625 furantur.b
1866 1582 1924 1630 1o

893 1842 1041 1896 cAP.
1087 1845 1178 1898 VI.

496 1988 580 2038 De
613 1987 910 2038 insatiabili
941 1989 1203 2042 desiderio
1244 1991 1586 2057 cupidorum.

397 2141 448 2205 Ο
495 2142 660 2224 ignis
699 2141 1208 2226 inextinguibilis,
1260 2162 1297 2206 o
1330 2144 1629 2224 cupiditas
1660 2146 1835 2210 insa-

214 2249 476 2313 tiabilis.
549 2249 696 2322 Quis
733 2266 996 2330 unquam
1032 2250 1291 2331 cupidus
1320 2252 1516 2331 primo
1546 2252 1657 2314 fuit
1684 2258 1831 2316 voto

218 2359 601 2422 contentus?
629 2360 774 2421 Cum
791 2358 1151 2439 adipiseitur
1166 2360 1330 2440 quod
1353 2366 1690 2441 optaverat,
1714 2361 1835 2424 de·-

218 2467 464 2530 siderat
501 2467 818 2547 ampliora,
866 2486 1110 2548 semper
1136 2469 1198 2529 in
1235 2469 1539 2531 habendis
1565 2474 1625 2532 et
1666 2487 1831 2531 nun-

211 2594 402 2658 quam
445 2575 509 2638 in
552 2574 775 2637 habitis
810 2576 992 2638 finem
1033 2575 1366 2637 constituit.
1458 2575 1825 2639 Insatiabilis
1859 2600 1917 2645 15

207 2690 304 2747 est
336 2682 554 2745 oculus
587 2682 812 2763 cupidi,
860 2689 920 2745 et
952 2684 1016 2744 in
1043 2688 1279 2764 partem
1325 2684 1663 2764 iniquitatis
1697 2702 1825 2747 non

361 2862 420 2927 a)
459 2854 640 2908 jacobi
678 2859 732 2922 5,
775 2858 927 2910 1-5,
1073 2857 1128 2928 h)
1167 2857 1347 2909 matth.
1388 2858 1441 2923 6,
1488 2858 1571 2912 19.

358 3072 410 3124 2.
429 3071 564 3121 sieut
591 3077 639 3120 et
657 3070 794 3135 {quis
811 3069 858 3121 J.
921 3071 975 3123 3.
1005 3071 1386 3123 Thesaurizatis
1407 3072 1471 3123 Μ.
1546 3072 1597 3123 4.
1620 3088 1817 3139 opera..

205 3143 408 3193 riorum
427 3144 656 3191 virorum
675 3140 721 3203 J,
759 3142 989 3193 virorum
1009 3142 1071 3191 ad
1101 3158 1266 3209 marg.
1288 3142 1403 3193 add.
1424 3144 1489 3194 Μ.
1578 3142 1628 3195 8.
1651 3161 1817 3210 prae-

208 3214 332 3279 cipit
353 3213 420 3263 Μ.
503 3214 582 3262 11.
607 3214 650 3263 0
685 3227 786 3261 om.
809 3213 874 3263 Μ.
913 3230 942 3263 o
977 3212 1188 3271 om.cJ‚
1224 3230 1436 3279 superp.
1460 3214 1526 3265 Μ.
1620 3212 1817 3267 1460-

208 3284 408 3336 sidem:
448 3300 650 3351 semper
691 3282 968 3351 ampliora.
1045 3285 1112 3337 In
1145 3284 1427 3350 habendis,
1472 3300 1579 3337 non
1617 3286 1675 3336 in
1712 3287 1819 3343 lm..

209 3354 326 3407 bitis
360 3354 408 3406 J.
464 3362 512 3407 et
551 3358 836 3425 nunquam]
875 3371 983 3407 nou
1020 3356 1079 3409 C.
