2507 4119
683 487 753 523 nn
795 486 950 525 oon-r.
988 485 1180 524 uuum.
1219 487 1411 526 ιιιιι.
1786 475 1857 530 93

245 627 376 694 ego
421 609 808 673 retribuam.¹²
878 609 954 673 Et
998 610 1140 674 ideo
1182 610 1333 690 pluit
1356 611 1639 698 dominus
1664 631 1699 676 a
1736 613 1859 675 do-

243 719 456 794 mino,
514 719 810 782 videlicet
864 739 901 783 a
955 721 1205 801 seipso,
1262 737 1388 782 non
1451 721 1710 784 imbrem
1756 722 1857 785 vel

241 844 495 906 rorem,
537 827 652 890 sed
692 827 946 908 sulphur
989 836 1052 891 et
1091 829 1338 910 ignem,
1382 830 1633 910 sulphur
1674 849 1859 911 super

244 935 556 999 foetorem
597 935 909 1016 luxuriae,
953 939 1163 1022 ignem
1206 955 1393 1018 super
1436 939 1723 1002 ardorem
1773 939 1857 1001 li·-

244 1044 501 1123 hminis,
549 1024 846 1125 quatenus
897 1062 1098 1125 poena
1143 1045 1361 1109 similis
1405 1052 1573 1110 esset
1617 1049 1853 1128 culpae.
1882 1069 1911 1114 5

247 1153 384 1218 Neo
433 1153 678 1216 misisse
740 1152 1000 1233 dicitur,
1059 1152 1170 1217 sed
1233 1153 1464 1235 pluisse
1486 1201 1505 1234 ,
1556 1160 1853 1236 quatenus

247 1261 390 1342 ipso
461 1261 658 1323 verbo
717 1261 1211 1344 magnitudinem
1288 1269 1347 1326 et
1422 1264 1857 1327 abundantiam

244 1386 492 1450 poenae
518 1374 781 1433 notaret.
839 1371 1081 1434 Nemini
1123 1371 1401 1451 pepercit
1442 1371 1657 1434 oculus
1702 1372 1857 1454 eius,

245 1481 363 1544 sed
415 1497 632 1542 omnes
687 1479 866 1542 simul
913 1479 1228 1543 extinxito
1294 1479 1559 1544 Uxorem
1616 1497 1860 1561 quoque

248 1590 445 1672 Loth,
486 1590 634 1671 quia
695 1595 864 1652 retro
920 1590 1230 1670 respexit,
1270 1590 1337 1652 in
1402 1595 1659 1652 statuam
1710 1588 1859 1651 salis
1886 1609 1943 1655 ιο

252 1701 531 1779 mutavit,
575 1719 696 1762 neo
726 1701 920 1764 solum
963 1700 1174 1779 urbeS‚
1209 1700 1322 1763 sed
1354 1705 1417 1763 et
1442 1717 1656 1762 omnes
1688 1699 1861 1762 circa

249 1809 550 1892 regiones
589 1808 652 1871 in
697 1828 866 1874 mare
909 1814 1211 1872 mortuum
1259 1815 1322 1870 et
1360 1808 1578 1871 vallem
1626 1807 1861 1870 salina-

251 1919 412 1984 riam
460 1921 782 1982 convertit.
870 1918 1259 1980 Horrendum
1318 1923 1413 1980 est
1480 1917 1640 1981 enim
1696 1915 1863 1978 inci-

248 2027 408 2091 dere
449 2027 512 2089 in
554 2045 767 2092 manus
810 2026 909 2091 dei
953 2026 1274 2106 viventis‚b
1304 2025 1433 2107 qui,
1458 2030 1684 2105 quanto
1716 2043 1856 2089 ma-

249 2136 452 2199 iorem
524 2151 676 2198 suae
749 2135 1234 2219 longanimitatis
1296 2134 1545 2198 exhibet
1610 2134 1857 2214 patien-
1884 2150 1939 2199 ιε

249 2246 436 2324 tiam,
476 2251 646 2308 tanto
692 2245 1007 2308 duriorem
1049 2262 1200 2308 suae
1257 2244 1611 2308 severitatis
1670 2243 1857 2307 infert

249 2353 609 2416 vindictam.

874 2544 1022 2597 CAP.
1057 2541 1238 2595 xxv1.

857 2665 942 2723 ne
977 2662 1278 2715 ambitioso.

425 2800 590 2882 Opes
635 2804 842 2883 utique
889 2800 1144 2881 cupidus
1177 2801 1546 2881 congreget,
1594 2800 1655 2858 et
1702 2814 1856 2859 ava-

247 2926 359 2973 rus
407 2916 757 2973 conservat.
843 2907 1198 2988 Voluptates
1243 2906 1499 2990 gulosus
1546 2906 1851 2987 degustat,

390 3046 443 3111 a)
487 3042 640 3094 Dent.
676 3044 778 3108 32,
816 3042 904 3094 35.
975 3040 1122 3091 Rom.
1164 3041 1247 3103 12,
1288 3036 1372 3089 19.
1439 3036 1595 3088 Hebr.
1640 3038 1723 3101 10,
1758 3036 1850 3089 30.

241 3114 304 3186 h)
346 3114 503 3165 Hebr.
548 3115 631 3179 10,
669 3114 758 3165 31.
1316 3134 1321 3139 ·

394 3251 441 3300 1.
483 3248 768 3299 retribuam
804 3248 878 3299 eis
911 3246 960 3313 J,
998 3248 1074 3298 ei·
1106 3245 1156 3298 ἀ*
1192 3246 1295 3297 ᾰῖῖο
1334 3245 1400 3297 nd
1434 3260 1598 3313 marg.
1628 3259 1752 3312 pon.
1780 3246 1852 3296 Μ.

249 3320 297 3370 7.
321 3320 380 3371 in
417 3319 530 3387 ipso
565 3320 718 3372 verbo
742 3320 814 3370 M.
1001 3320 1082 3369 11.
1123 3326 1172 3369 et
1207 3332 1312 3369 om.
1332 3318 1379 3369 ,1.
1564 3316 1647 3369 13.
1686 3318 1849 3385 onim}

246 3390 410 3458 ὁρίων
443 3393 519 3443 Μ.
671 3391 750 3443 18.
791 3391 988 3459 utique]
1031 3392 1108 3441 ita
1147 3391 1220 3441 M.
