2507 4119
731 461 800 498 nn
839 461 993 498 oon-r.
1033 461 1224 500 nuum.
1266 463 1375 501 ma.
1399 465 1487 503 m.
1703 461 1711 469 ·
1797 453 1903 506 137

291 601 414 663 vim
464 601 715 663 doloriS.
807 601 970 663 Sane
1021 601 1355 682 discipulus
1412 603 1655 685 quidam
1704 604 1902 666 fertur

289 711 646 791 apparuisse
689 710 986 792 magistro
1033 728 1145 772 suo
1189 717 1329 790 post
1358 719 1635 774 mortem.
1704 713 1900 786 Quem

289 834 426 879 cum
490 817 784 900 magister
845 836 985 880 esse
1054 817 1401 881 damnatum
1467 820 1899 900 intellexisset,

289 925 595 1005 quaesivit
647 927 723 986 ab
773 943 888 1000 en„
916 926 974 987 si
1012 925 1251 1006 aliquae
1296 928 1692 1007 quaestiones
1738 928 1899 1008 apud

291 1033 529 1094 interos
571 1039 978 1096 verterentur.
1037 1034 1154 1108 Qui
1199 1033 1423 1096 dicitur
1461 1036 1894 1115 respondisse:
1923 1049 1953 1093 5

289 1141 469 1219 Apud
513 1141 746 1204 inferos
795 1144 1104 1221 quaeritur
1148 1142 1533 1204 solummodo
1578 1143 1719 1223 quid
1772 1161 1898 1205 non

287 1251 371 1312 sit
413 1267 630 1330 poena.
693 1249 842 1312 ·Sed
899 1258 959 1312 et
1003 1249 1294 1312 Salomon
1338 1250 1461 1312 ait:
1536 1251 1666 1314 Nec
1716 1269 1894 1331 opuS,

287 1377 407 1420 nec
441 1358 624 1437 rati0‚
672 1349 791 1421 nec
815 1359 1094 1436 scientia,
1127 1377 1244 1421 nec
1280 1360 1579 1439 sapientia
1612 1367 1706 1422 est
1736 1359 1896 1439 apud
1928 1363 1943 1396 ’-

285 1465 548 1544 interm,
593 1484 712 1546 quo
749 1473 812 1528 tu
851 1481 1202 1546 properas.⁸
1249 1468 1382 1530 Erit
1424 1470 1583 1530 enim
1628 1475 1791 1530 tanta
1830 1471 1896 1530 in

289 1574 576 1654 reprobis
610 1576 826 1636 mentis
869 1574 1119 1653 oblivi0‚
1165 1581 1331 1638 tanta
1373 1575 1643 1638 caecitas
1688 1575 1892 1655 animi,
1924 1589 1980 1634 10

287 1689 454 1745 tanta
499 1683 783 1745 confusio
829 1683 1108 1761 rationis,
1154 1687 1220 1743 ut
1256 1701 1401 1745 raro
1448 1683 1547 1746 vel
1588 1693 1898 1770 nunquam

286 1791 366 1854 ad
413 1791 808 1874 cogitandum
853 1792 1175 1871 quiequam
1218 1792 1296 1853 de
1352 1791 1468 1854 deo
1512 1793 1751 1872 possint
1792 1811 1899 1854 as-

283 1917 568 1980 surgere,
616 1899 839 1960 nedum
868 1899 944 1960 ad
993 1900 1401 1961 confitendum
1447 1899 1692 1964 valeant
1728 1902 1897 1980 aspi-
1962 1933 1968 1938 -

280 2025 445 2070 rare.
529 2005 682 2069 Nam
730 2026 764 2069 a
810 2013 1048 2069 mortuo
1080 2014 1363 2089 tanquam
1392 2010 1468 2071 ab
1496 2026 1593 2085 eo,
1632 2009 1731 2091 qui
1764 2025 1891 2070 non

282 2122 398 2194 est,
442 2116 623 2195 periit
667 2116 1034 2180 confessio.¹›
1063 2117 1361 2197 Scriptum
1392 2122 1488 2183 est
1514 2118 1706 2178 enim:
1750 2118 1887 2179 Non
1918 2126 1974 2174 ¹⁵

278 2224 502 2286 mortui
527 2223 858 2286 laudabunt
886 2232 971 2304 te,
996 2224 1265 2298 domine,
1314 2244 1515 2305 neque
1544 2243 1758 2287 omnes
1786 2226 1889 2306 qui

280 2330 666 2393 descendunt
709 2330 771 2391 in
814 2330 1171 2392 infernum.⁰
1225 2331 1363 2393 Non
1408 2333 1684 2395 infernus
1728 2352 1890 2395 con-

277 2438 547 2500 fitebitur
592 2438 733 2515 tibi,
781 2456 982 2519 neque
1025 2457 1191 2503 mors
1237 2440 1511 2504 laudabit
1554 2448 1669 2505 te.‹1

428 2575 478 2637 a)
517 2570 697 2623 Eccle.
719 2571 771 2634 9,
792 2572 874 2623 10.
1021 2572 1081 2634 b)
1122 2572 1291 2624 Eccli.
1315 2576 1396 2640 17,
1418 2576 1503 2628 26.
1615 2584 1671 2645 c)
1698 2580 1885 2635 Psalm.

287 2643 407 2707 113,
453 2642 532 2693 17.
680 2642 738 2709 d)
777 2642 946 2695 Isaiae
981 2642 1070 2706 38,
1114 2644 1197 2695 18.

429 2798 480 2845 2.
517 2812 606 2847 suo
643 2811 746 2845 om.
773 2796 836 2847 Μ.
987 2796 1038 2847 3.
1065 2798 1223 2861 Quem
1262 2815 1377 2849 cum
1402 2802 1649 2868 magister
1671 2805 1883 2857 intelle-

279 2866 441 2917 :nisset
477 2866 776 2918 damnatum
817 2869 878 2918 Μ.
973 2867 1023 2920 5.
1063 2878 1387 2920 verterentur
1420 2874 1561 2939 apud
1593 2876 1793 2941 inferos
1816 2878 1883 2929 Μ.

281 2938 640 3006 respondisse,
689 2939 823 3005 quod
879 2939 1020 3005 apud
1068 2940 1269 3004 inferos
1316 2942 1516 3007 quidem
1568 2946 1883 2999 solummodo

281 3024 390 3059 non
428 3009 499 3058 sit
531 3010 636 3060 nisi
667 3024 839 3077 poena
862 3010 952 3061 CJ.
1101 3010 1151 3061 7.
1173 3012 1285 3063 Nec
1322 3030 1465 3079 opus,
1495 3030 1594 3065 nec
1628 3020 1768 3068 ratio
1808 3026 1885 3071 est

273 3079 417 3147 apud
444 3080 662 3146 inferos,
702 3097 802 3130 neo
823 3081 1063 3144 scientia,
1095 3096 1197 3131 neo
1227 3084 1507 3149 sapientia,
1533 3103 1629 3152 quo
1666 3097 1721 3139 m
1748 3106 1883 3155 pro-

267 3167 429 3219 peras
473 3152 532 3201 C.
579 3154 727 3220 opus]
770 3168 891 3219 opes
929 3152 1012 3203 Ji.
1190 3151 1242 3203 9.
1283 3154 1341 3203 in
1374 3158 1607 3222 reprobis
1643 3167 1793 3209 tanta
1828 3161 1879 3225 J,

271 3223 331 3271 in
368 3222 588 3287 reprobo
622 3231 772 3272 tanta
803 3223 868 3273 Μ.
912 3284 921 3292 ἢ
1001 3223 1082 3275 10.
1121 3226 1307 3275 mentis
1343 3240 1446 3277 om.
1469 3226 1527 3277 0.
1644 3234 1880 3298 12.'pos-

271 3293 341 3342 sit
384 3292 448 3343 Μ.
613 3295 693 3344 13.
733 3293 945 3363 nedum]
985 3312 1085 3345 neo
1124 3294 1214 3345 CJ.
1286 3297 1552 3363 inspirare
1590 3298 1666 3365 Μ,
1704 3303 1880 3369 respi-

273 3379 405 3415 raro
443 3360 534 3413 CJ.
689 3364 768 3415 14.
807 3380 915 3414 non
953 3370 1054 3434 (est
1089 3370 1325 3437 superp.)
1368 3368 1430 3418 Μ.
