2507 4119
513 459 549 497 1
1156 462 1474 501 futurarm.

519 622 571 688 G
613 631 742 688 tres
784 624 1112 704 editiones,
1157 625 1375 708 quibus
1418 626 1665 690 litterae
1708 624 1993 705 cochlei,
2038 629 2117 692 de

515 759 735 841 quibus
773 777 962 840 supra
1001 760 1369 823 mentionem
1413 762 1700 839 fecimus,
1740 773 1885 826 sunt
1924 781 2111 846 prae·

512 893 680 955 fixae
701 940 718 970 ‚
760 910 1014 976 quarum
1058 913 1181 958 una
1221 897 1459 958 fornae
1516 896 1754 960 mediae
1776 943 1791 974 ,
1837 915 1995 979 quae
2046 896 2113 960 in

520 1032 741 1120 quanto
803 1025 1058 1105 dicitur,
1102 1045 1143 1090 a
1185 1026 1457 1091 cochleo
1498 1028 1636 1108 ipso
1656 1075 1672 1107 ,
1718 1034 1788 1090 ut
1842 1029 2111 1109 videtur,

515 1167 759 1242 parata,
804 1159 1052 1242 Lipsiae
1097 1165 1265 1224 1534
1280 1208 1298 1240 ,
1347 1161 1551 1225 altera
1569 1208 1588 1240 ,
1626 1160 1691 1222 in
1735 1166 1959 1226 octavo
1998 1162 2112 1224 mi·

515 1312 688 1375 nore,
715 1297 1094 1377 Antverpiae
1136 1299 1304 1359 1540
1334 1302 1430 1358 est
1472 1280 1775 1373 confectass
1816 1296 2005 1359 tertia
2046 1295 2113 1358 in

514 1425 718 1486 forma
762 1424 1100 1488 duodecimi
1150 1425 1429 1490 Viennae
1470 1423 1765 1488 Austriae
1818 1423 1883 1486 in
1942 1422 2114 1486 aedi-

513 1554 629 1618 bus
659 1527 926 1620 caesarii
949 1556 1206 1638 collegii
1247 1555 1563 1619 societatis
1608 1557 1765 1635 Iesu,
1791 1573 1948 1638 qnae
1980 1553 2111 1617 edi-

511 1689 698 1752 tionis
721 1708 886 1753 anno
925 1695 1087 1771 eget.
1171 1691 1212 1752 J
1251 1657 1567 1771 significat
1606 1689 1759 1752 duas
1806 1689 2109 1752 editiones

510 1821 810 1887 Coloniae
854 1823 1033 1887 annis
1060 1829 1226 1888 1503
1270 1831 1334 1887 et
1377 1825 1543 1887 1500
1581 1824 1800 1904 factas,
1846 1839 2103 1906 quarum

508 1957 710 2021 forma
751 1963 846 2019 est
898 1958 963 2019 in
1009 1955 1381 2019 duodecimo.
1468 1955 1711 2019 Littera
1750 1951 1809 2016 A
1850 1953 2101 2034 signifi-

510 2098 688 2155 catae
730 2098 873 2153 sunt
911 2090 1228 2170 lectiones,
1276 2109 1434 2174 quac
1469 2090 1535 2151 in
1578 2090 1974 2151 collectorum
2009 2089 2115 2151 ln-

513 2225 786 2311 nocentii
830 2242 1081 2306 operum
1119 2224 1575 2304 exemplaribm
1604 2223 1901 2288 coloniae
1930 2221 2109 2284 aunis

506 2358 760 2422 mnml.
808 2365 872 2422 et
928 2359 1305 2423 MDLXXV.
1371 2358 1553 2421 editis
1613 2358 1694 2421 ad
1760 2356 2105 2437 marginem

512 2491 836 2573 appositae
878 2496 1040 2554 sunt.
1141 2491 1449 2573 Singulae
1506 2508 1747 2572 quoque
1788 2489 2107 2565 editiones,

516 2629 641 2687 tam
683 2642 840 2706 qnae
895 2623 1110 2687 littera
1156 2622 1207 2687 C
1231 2670 1250 2702 ,
1296 2641 1477 2705 quam
1521 2640 1679 2704 quae
1718 2620 1933 2686 littera
1983 2624 2021 2684 J
2066 2638 2105 2683 a

504 2756 682 2819 nobis
741 2761 884 2819 sunt
943 2756 1307 2838 designatae
1325 2796 1344 2830 ‚
1384 2752 1749 2817 lectionibus
1802 2755 1931 2816 suis
1980 2752 2103 2815 ali-

513 2888 752 2970 quoties
795 2890 1188 2969 discordant,
1232 2893 1643 2971 quapropter,
1675 2886 1731 2950 si
1777 2888 1963 2951 lectio
2006 2889 2109 2950 al-

510 3022 643 3084 lata
677 3040 801 3084 non
846 3021 1120 3085 omnibus
1163 3020 1532 3084 editionibus
1554 3069 1570 3101 ,
1612 3021 1773 3083 sicut
1814 3019 1951 3083 istis
1994 3019 2102 3082 lit-

504 3152 658 3216 teris
716 3162 859 3217 sunt.
913 3154 1181 3237 partitae
1200 3202 1216 3233 ,
1272 3155 1604 3217 eommunis
1658 3160 1780 3233 est,
1846 3153 1955 3217 sed
2020 3151 2100 3214 ad

499 3304 681 3351 unam
725 3291 1064 3351 alteramve
1109 3289 1527 3351 tantun-odo
1568 3286 1841 3369 pertinet
1862 3333 1879 3366 ,
1924 3284 2105 3348 addi·
