2507 4119
649 451 756 506 100
1163 467 1473 506 innocui-n
1518 469 1600 507 rr.
1642 469 1728 506 ιιι.

645 587 850 652 vicem
895 589 1104 671 erigit,
1141 590 1363 654 fastum
1410 592 1701 671 ostendit,
1748 592 2011 676 grandia
2051 593 2258 676 loqui-

647 701 787 774 tur,
829 697 1112 762 sublimia
1157 699 1502 762 meditatur.
1605 701 1873 763 subesse
1918 718 2045 763 non
2095 703 2259 783 pati-

647 810 770 883 tur,
815 823 1112 886 praeesse
1146 806 1411 886 motitur,
1458 807 1747 889 praelatis
1776 809 2062 887 infestu8‚
2107 811 2261 873 sub-

647 913 794 976 ditis
838 932 1166 978 onerosus.
1249 917 1507 980 Molesta
1554 935 1679 981 non
1722 918 1974 998 suffert,
2025 936 2257 984 conce-

592 1045 625 1090 s
645 1031 750 1104 pta
789 1041 918 1087 non
961 1025 1186 1105 differt,
1230 1045 1531 1108 praeceps
1574 1035 1638 1091 et
1672 1029 1896 1108 audax,
1942 1031 2259 1113 gloriosus

649 1136 714 1194 et
757 1149 1092 1216 arrogans,
1137 1134 1351 1216 gravis
1394 1139 1455 1196 et
1496 1134 1901 1215 importunus.

1272 1353 1421 1408 cAP.
1456 1355 1643 1409 XXXI.

992 1477 1077 1528 Dc
1114 1476 1370 1541 superfla
1404 1483 1457 1530 et
1490 1489 1627 1528 casu
1659 1477 1924 1543 Luciferi.
1952 1548 1960 1556 Ι

795 1609 871 1672 -Ο
915 1609 1200 1688 superbia
1231 1612 1471 1673 cunctis
1498 1611 1924 1692 importabilis,
1961 1618 2021 1674 et
2054 1615 2257 1676 omni..

647 1717 761 1779 bus
808 1716 1022 1780 odiosa
1039 1731 1092 1795 ,⁸
1135 1718 1299 1782 inter
1347 1721 1549 1782 omnia
1594 1721 1741 1782 vitia
1786 1725 1851 1782 tu
1893 1739 2144 1802 semper
2186 1741 2252 1786 es

647 1827 862 1904 prima,
906 1832 969 1888 tu
1012 1845 1257 1908 semper
1299 1847 1366 1890 es
1408 1828 1636 1891 ultima.
1699 1829 1850 1892 Nam
1892 1847 2077 1892 omne
2107 1849 2260 1912 pec-

569 1964 630 2008 10
655 1943 854 2000 catum
902 1941 963 1998 te
1011 1937 1353 2000 accedente
1400 1937 1815 2016 committitur,
1864 1945 1925 2000 et
1967 1944 2029 2002 te
2072 1958 2260 2003 rece-

653 2045 838 2112 dente
880 2045 1217 2110 dimittitur.
1280 2044 1582 2125 Scriptum
1628 2051 1723 2108 est
1767 2041 1965 2109 enim':
2013 2047 2254 2111 Initium

651 2158 852 2220 omnis
923 2156 1164 2237 peccati
1233 2159 1330 2217 est
1396 2153 1739 2233 superbia.b
1848 2154 2259 2239 Primogenita

650 2281 841 2326 mors.
927 2261 1098 2326 Haec
1141 2262 1303 2324 enim
1349 2262 1510 2323 inter
1562 2260 1695 2342 ipsa
1744 2278 1949 2324 rerum
1990 2262 2267 2342 primor-

653 2370 755 2434 dia
800 2376 1143 2433 creaturam
1194 2375 1409 2432 contra
1449 2376 1794 2432 creatorem
1841 2371 2060 2433 erexit.
2121 2374 2263 2433 An-

569 2502 627 2549 ιι
653 2480 859 2565 gelum
907 2486 1121 2541 contra
1171 2480 1405 2557 Deum,
1457 2477 1570 2540 sed
1612 2496 1749 2542 eum
1808 2479 2041 2558 absque
2084 2498 2264 2543 mora

655 2588 916 2667 deiecit,
964 2587 1248 2669 quoniam
1314 2589 1376 2649 in
1440 2586 1703 2649 veritate
1763 2604 1889 2647 non
1938 2587 2137 2664 stetit,
2186 2588 2262 2649 ab

652 2696 1008 2761 innocentia
1053 2696 1118 2758 in
1163 2700 1513 2775 peccatum,
1581 2712 1616 2756 a
1662 2693 1907 2757 delictis
1958 2696 2022 2780 in
2068 2695 2265 2758 mise·-

653 2808 801 2884 ries,
837 2825 870 2868 a
919 2805 1099 2867 coelo
1149 2820 1442 2884 empyreo
1470 2801 1535 2863 in
1581 2820 1789 2865 aerem
1833 2800 2260 2885 caliginosum.

656 2914 818 2977 Audi
842 2912 1233 2994 prophetam:
1280 2908 1602 2985 Quomodo
1649 2909 1933 2972 cecidisti
1976 2910 2055 2971 de
2082 2910 2267 2973 coelo

798 3060 851 3125 a)
890 3053 1054 3107 Eccli.
1101 3056 1184 3119 10,
1223 3054 1273 3106 7.
1423 3053 1484 3121 h)
1528 3050 1697 3103 Eccli.
1734 3052 1818 3116 10,
1858 3053 1947 3105 15.

801 3238 853 3288 5.
899 3236 1066 3303 defert
1103 3236 1166 3283 Μ.
1317 3231 1368 3283 7.
1411 3230 1455 3282 0
1481 3228 1673 3281 oin-M.
1714 3236 1764 3279 et
1801 3226 1986 3278 om.M.
2035 3225 2275 3275 omnibus

654 3308 874 3361 om.cJ.
982 3306 1063 3357 10.
1103 3302 1369 3355 etom.1i1.
1521 3301 1604 3352 17.
1644 3299 1867 3369 delictis]
1908 3296 2113 3349 deliciis
2134 3294 2263 3347 ch.

656 3382 744 3435 19.
785 3381 848 3432 de
883 3377 1026 3429 coelo
1063 3391 1166 3427 om.
1207 3374 1372 3429 mou.
