2507 4119
599 399 674 458 ³⁰
1069 441 1080 451 .
1121 411 1435 456 innocuum
1470 413 1556 454 rr.
1592 413 1684 452 m.

602 539 726 600 imo
775 554 998 617 corpus
1039 535 1204 616 ‘quod
1252 537 1659 618 corrumpitur
1711 542 2013 620 aggravat
2062 537 2211 600 ani-

606 663 790 720 mam,
836 649 898 706 et
939 644 1222 724 deprimit
1266 651 1513 710 terrena
1552 644 1912 709 inhabitatio
1956 663 2213 708 sensum

604 750 792 824 multa
865 751 1294 832 cogitantem·
1383 751 1547 816 Audi
1610 751 1774 836 quod
1835 769 2020 834 super
2088 749 2214 814 hoc

607 861 834 924 sentiat
876 859 1198 924 Salomon:
1247 859 1520 923 Cunctae
1561 877 1667 924 res
1715 858 2036 937 difficilem,
2084 876 2215 926 non

556 975 811 1051 spotest
869 987 976 1032 eas
1039 968 1225 1032 homo
1289 969 1602 1052 explicare
1660 971 2001 1034 sermone.b
2102 969 2218 1035 Est

607 1077 795 1142 homo
843 1077 946 1161 qui
1004 1076 1221 1142 diebus
1272 1096 1348 1141 ac
1402 1078 1687 1144 noctibus
1750 1094 2026 1144 somnum
2084 1093 2221 1142 non

611 1185 772 1268 capit
815 1185 1032 1264 oculis,
1082 1191 1144 1248 et
1181 1185 1404 1250 nullam
1445 1203 1696 1267 operum
1724 1185 1829 1248 dei
1872 1191 2079 1268 potest
2110 1184 2218 1250 in-

612 1293 830 1356 venire
869 1294 1194 1356 rationem.
1282 1294 1359 1358 Et
1400 1299 1627 1375 quanto
1669 1294 1806 1376 plus
1844 1292 2225 1362 laboraverit
2260 1280 2265 1286 ¹

614 1397 693 1488 ad
741 1399 1178 1492 quaerendum,
1222 1406 1392 1463 tanto
1428 1401 1629 1463 minus
1670 1400 1997 1464 inveniet.e
2052 1399 2226 1466 Defi-

534 1517 592 1565 10
616 1507 784 1570 ciunt
819 1526 972 1590 ergo
1023 1515 1366 1573 scrutantes
1409 1509 1731 1590 scrutinio,
1779 1511 2063 1590 quoniam
2106 1527 2221 1575 ac·-

616 1615 798 1678 cedet
863 1615 1048 1679 homo
1119 1615 1199 1682 ad
1268 1634 1380 1680 cor
1441 1617 1667 1697 altum,
1731 1623 1793 1680 et
1855 1615 2223 1682 exaltabitur

614 1725 836 1788 Deus.‹¹
925 1727 1349 1792 Perscrutator
1409 1728 1570 1790 enim
1628 1726 1965 1792 maiestatis
2010 1725 2225 1808 oppri-

617 1839 817 1897 metur
860 1853 896 1900 a
953 1834 1202 1923 glorias
1296 1836 1412 1912 Qui
1455 1839 1617 1900 enim
1670 1836 1868 1918 magis
1911 1834 2226 1918 intelligia

618 1945 816 2028 magis
858 1944 1110 2024 dubitat,
1153 1951 1214 2008 et
1257 1944 1361 2007 ille
1396 1942 1639 2008 videtur
1672 1945 1788 2008 sibi
1818 1944 1952 2028 plus
1979 1963 2225 2029 sapere,

539 2055 596 2101 1⁵
623 2050 727 2131 qui
783 2051 918 2131 plus
975 2051 1216 2133 desipit.
1324 2050 1493 2136 Ergo
1561 2070 1706 2135 pars
1765 2051 2065 2118 scientiae
2129 2055 2227 2117 est

622 2160 790 2221 scire
835 2160 997 2240 quod
1035 2160 1294 2223 nesciat.
1382 2161 1550 2225 Fecit
1580 2168 1778 2227 autem
1824 2161 1977 2225 deus
2018 2160 2229 2226 homi-

625 2286 768 2335 uem
824 2274 1098 2347 rectum,
1157 2274 1219 2331 et
1279 2269 1414 2351 ipse
1472 2289 1542 2335 se
1594 2270 1843 2335 infinitis
1897 2269 2227 2337 immiscuit

625 2374 1136 2457 quaestionibus.f

769 2507 828 2569 a)
866 2503 988 2569 Sap.
1027 2502 1082 2567 9,
1114 2504 1198 2555 15.
1346 2504 1403 2570 b)
1440 2502 1623 2555 Eccle.
1666 2506 1715 2567 1,
1748 2503 1806 2555 8.
1948 2510 2003 2567 c)
2044 2501 2229 2556 Eccle-

625 2574 681 2637 8,
706 2572 931 2629 16-17.
1041 2574 1098 2641 d)
1139 2574 1326 2628 Psaim.
1362 2575 1451 2641 63,
1474 2574 1631 2629 7-8.
1764 2578 1817 2645 e)
1855 2572 2229 2640 Prov.25,27.

623 2644 680 2714 f)
715 2644 898 2699 Ecclc.
943 2644 996 2710 7,
1031 2645 1120 2699 30.

778 2811 825 2857 1.
867 2808 1103 2873 Quinimc
1130 2778 1267 2861 enia-
1304 2810 1370 2862 Μ.
1517 2810 1569 2860 2.
1589 2824 1827 2859 semum
1860 2806 1927 2860 M.
2076 2804 2231 2857 4012·-

629 2881 700 2932 ct’t
733 2878 982 2932 Salomon
1017 2880 1066 2933 J.
1219 2886 1304 2935 1⁰.
1343 2881 1648 2933 scrutinium
1684 2878 1798 2931 cu.
1984 2877 2069 2928 13.
2092 2877 2232 2928 cuim

629 2965 734 3000 om.
761 2952 826 3001 Μ.
1049 2953 1130 3006 15.
1171 2954 1305 3006 Pars
1342 2970 1465 3021 erqo
1504 2952 1569 3003 Μ.
1791 2950 1876 3005 16.
1918 2949 2125 3001 nescias
2162 2947 2229 3002 Μ.

633 3019 718 3072 17.
759 3023 962 3076 misum
1003 3025 1070 3077 Μ.
