<?xml version="1.0" encoding="UTF-8"?>
<!DOCTYPE html PUBLIC "-//W3C//DTD XHTML 1.0 Transitional//EN"
    "http://www.w3.org/TR/xhtml1/DTD/xhtml1-transitional.dtd">
<html xmlns="http://www.w3.org/1999/xhtml" xml:lang="en" lang="en">
 <head>
  <title>
</title>
<meta http-equiv="Content-Type" content="text/html;charset=utf-8" />
  <meta name='ocr-system' content='tesseract 3.04.00' />
  <meta name='ocr-capabilities' content='ocr_page ocr_carea ocr_par ocr_line ocrx_word'/>
</head>
<body>
  <div class='ocr_page' id='page_1' title='image "./decontemptumund00achtgoog_0064.png"; bbox 0 0 2507 4119; ppageno 0'>
   <div class='ocr_carea' id='block_1_1' title="bbox 649 448 1729 508">
    <p class='ocr_par' dir='ltr' id='par_1_1' title="bbox 649 448 1729 508">
     <span class='ocr_line' id='line_1_1' title="bbox 649 448 1729 508; baseline 0.002 -2"><span class='ocrx_word' id='word_1_1' title='bbox 649 448 722 506; x_wconf 77' lang='lat'><strong>46</strong></span> <span class='ocrx_word' id='word_1_2' title='bbox 1161 467 1481 507; x_wconf 66' lang='lat' dir='ltr'><strong>moeni-n</strong></span> <span class='ocrx_word' id='word_1_3' title='bbox 1518 467 1603 506; x_wconf 75' lang='lat' dir='ltr'><strong>rr.</strong></span> <span class='ocrx_word' id='word_1_4' title='bbox 1638 467 1729 508; x_wconf 82' lang='lat' dir='ltr'><strong>m.</strong></span> 
     </span>
    </p>
   </div>
   <div class='ocr_carea' id='block_1_2' title="bbox 560 589 2262 2527">
    <p class='ocr_par' dir='ltr' id='par_1_2' title="bbox 560 589 2262 2527">
     <span class='ocr_line' id='line_1_2' title="bbox 653 589 2261 678; baseline 0.006 -28"><span class='ocrx_word' id='word_1_5' title='bbox 653 590 1026 654; x_wconf 83' lang='lat' dir='ltr'><strong>insensatos.</strong></span> <span class='ocrx_word' id='word_1_6' title='bbox 1049 604 1078 637; x_wconf 82' lang='lat'>⁸</span> <span class='ocrx_word' id='word_1_7' title='bbox 1149 589 1315 654; x_wconf 81' lang='lat' dir='ltr'><strong>Gens</strong></span> <span class='ocrx_word' id='word_1_8' title='bbox 1340 595 1557 655; x_wconf 84' lang='lat' dir='ltr'><strong>contra</strong></span> <span class='ocrx_word' id='word_1_9' title='bbox 1580 598 1849 674; x_wconf 80' lang='lat' dir='ltr'><strong>gentem,</strong></span> <span class='ocrx_word' id='word_1_10' title='bbox 1894 598 1956 656; x_wconf 86' lang='lat' dir='ltr'><strong>et</strong></span> <span class='ocrx_word' id='word_1_11' title='bbox 1994 611 2261 678; x_wconf 84' lang='lat' dir='ltr'><strong>regnum</strong></span> 
     </span>
     <span class='ocr_line' id='line_1_3' title="bbox 653 698 2262 784; baseline 0.003 -23"><span class='ocrx_word' id='word_1_12' title='bbox 653 698 953 762; x_wconf 87' lang='lat' dir='ltr'><strong>adversus</strong></span> <span class='ocrx_word' id='word_1_13' title='bbox 977 713 1265 783; x_wconf 72' lang='lat' dir='ltr'><strong>regnum,</strong></span> <span class='ocrx_word' id='word_1_14' title='bbox 1304 705 1367 763; x_wconf 84' lang='lat' dir='ltr'><strong>et</strong></span> <span class='ocrx_word' id='word_1_15' title='bbox 1402 705 1808 764; x_wconf 71' lang='lat' dir='ltr'><strong>terraemotus</strong></span> <span class='ocrx_word' id='word_1_16' title='bbox 1833 702 2041 784; x_wconf 84' lang='lat' dir='ltr'><strong>magni</strong></span> <span class='ocrx_word' id='word_1_17' title='bbox 2080 710 2262 766; x_wconf 85' lang='lat' dir='ltr'><strong>erunt</strong></span> 
     </span>
     <span class='ocr_line' id='line_1_4' title="bbox 643 807 2262 893; baseline 0.003 -23"><span class='ocrx_word' id='word_1_18' title='bbox 643 823 764 888; x_wconf 88' lang='lat' dir='ltr'><strong>per</strong></span> <span class='ocrx_word' id='word_1_19' title='bbox 804 807 982 886; x_wconf 85' lang='lat' dir='ltr'><strong>loca,</strong></span> <span class='ocrx_word' id='word_1_20' title='bbox 1028 809 1411 887; x_wconf 73' lang='lat' dir='ltr'><strong>pestilentiae</strong></span> <span class='ocrx_word' id='word_1_21' title='bbox 1462 813 1525 871; x_wconf 91' lang='lat' dir='ltr'><strong>et</strong></span> <span class='ocrx_word' id='word_1_22' title='bbox 1564 808 1803 888; x_wconf 75' lang='lat' dir='ltr'><strong>fameS,</strong></span> <span class='ocrx_word' id='word_1_23' title='bbox 1861 815 2262 893; x_wconf 86' lang='lat' dir='ltr'><strong>terroresque</strong></span> 
     </span>
     <span class='ocr_line' id='line_1_5' title="bbox 653 915 2261 1000; baseline 0.005 -23"><span class='ocrx_word' id='word_1_24' title='bbox 653 915 733 978; x_wconf 90' lang='lat' dir='ltr'><strong>de</strong></span> <span class='ocrx_word' id='word_1_25' title='bbox 802 916 1028 980; x_wconf 75' lang='lat' dir='ltr'><strong>coelob</strong></span> <span class='ocrx_word' id='word_1_26' title='bbox 1079 921 1142 978; x_wconf 91' lang='lat' dir='ltr'><strong>et</strong></span> <span class='ocrx_word' id='word_1_27' title='bbox 1205 922 1620 997; x_wconf 84' lang='lat' dir='ltr'><strong>tempestates.</strong></span> <span class='ocrx_word' id='word_1_28' title='bbox 1723 919 1913 982; x_wconf 84' lang='lat' dir='ltr'><strong>Terra</strong></span> <span class='ocrx_word' id='word_1_29' title='bbox 1970 921 2261 1000; x_wconf 77' lang='lat' dir='ltr'><strong>producit</strong></span> 
     </span>
     <span class='ocr_line' id='line_1_6' title="bbox 597 1023 2257 1108; baseline 0.002 -22"><span class='ocrx_word' id='word_1_30' title='bbox 597 1039 626 1085; x_wconf 78' lang='lat'>5</span> <span class='ocrx_word' id='word_1_31' title='bbox 647 1023 858 1105; x_wconf 86' lang='lat' dir='ltr'><strong>spinas</strong></span> <span class='ocrx_word' id='word_1_32' title='bbox 903 1031 966 1088; x_wconf 90' lang='lat' dir='ltr'><strong>et</strong></span> <span class='ocrx_word' id='word_1_33' title='bbox 1007 1025 1300 1104; x_wconf 86' lang='lat' dir='ltr'><strong>tribulos,</strong></span> <span class='ocrx_word' id='word_1_34' title='bbox 1348 1043 1506 1108; x_wconf 89' lang='lat' dir='ltr'><strong>aqua</strong></span> <span class='ocrx_word' id='word_1_35' title='bbox 1551 1025 1859 1107; x_wconf 84' lang='lat' dir='ltr'><strong>procellas</strong></span> <span class='ocrx_word' id='word_1_36' title='bbox 1904 1032 1968 1090; x_wconf 90' lang='lat' dir='ltr'><strong>et</strong></span> <span class='ocrx_word' id='word_1_37' title='bbox 2009 1026 2257 1108; x_wconf 85' lang='lat' dir='ltr'><strong>fluctus,</strong></span> 
     </span>
     <span class='ocr_line' id='line_1_7' title="bbox 651 1135 2258 1217; baseline 0.002 -19"><span class='ocrx_word' id='word_1_38' title='bbox 651 1152 763 1198; x_wconf 86' lang='lat' dir='ltr'><strong>aer</strong></span> <span class='ocrx_word' id='word_1_39' title='bbox 818 1140 1214 1214; x_wconf 86' lang='lat' dir='ltr'><strong>tempestates</strong></span> <span class='ocrx_word' id='word_1_40' title='bbox 1274 1140 1338 1198; x_wconf 87' lang='lat' dir='ltr'><strong>et</strong></span> <span class='ocrx_word' id='word_1_41' title='bbox 1395 1136 1697 1214; x_wconf 84' lang='lat' dir='ltr'><strong>tonitrua,</strong></span> <span class='ocrx_word' id='word_1_42' title='bbox 1742 1135 1906 1217; x_wconf 85' lang='lat' dir='ltr'><strong>ignis</strong></span> <span class='ocrx_word' id='word_1_43' title='bbox 1952 1153 2258 1202; x_wconf 86' lang='lat' dir='ltr'><strong>corusca-</strong></span> 
     </span>
     <span class='ocr_line' id='line_1_8' title="bbox 647 1243 2250 1331; baseline 0.002 -25"><span class='ocrx_word' id='word_1_44' title='bbox 647 1245 852 1306; x_wconf 77' lang='lat' dir='ltr'><strong>tiones</strong></span> <span class='ocrx_word' id='word_1_45' title='bbox 895 1250 958 1306; x_wconf 87' lang='lat' dir='ltr'><strong>et</strong></span> <span class='ocrx_word' id='word_1_46' title='bbox 994 1243 1269 1331; x_wconf 73' lang='lat' dir='ltr'><strong>fulgura.</strong></span> <span class='ocrx_word' id='word_1_47' title='bbox 1344 1243 1694 1323; x_wconf 80' lang='lat' dir='ltr'><strong>Maledicta,</strong></span> <span class='ocrx_word' id='word_1_48' title='bbox 1736 1245 1951 1325; x_wconf 88' lang='lat' dir='ltr'><strong>inquit,</strong></span> <span class='ocrx_word' id='word_1_49' title='bbox 1992 1247 2250 1310; x_wconf 79' lang='lat' dir='ltr'><strong>terrain</strong></span> 
     </span>
     <span class='ocr_line' id='line_1_9' title="bbox 651 1354 2247 1438; baseline 0.003 -23"><span class='ocrx_word' id='word_1_50' title='bbox 651 1371 840 1434; x_wconf 90' lang='lat' dir='ltr'><strong>opere</strong></span> <span class='ocrx_word' id='word_1_51' title='bbox 881 1360 1012 1432; x_wconf 86' lang='lat' dir='ltr'><strong>tu0‚</strong></span> <span class='ocrx_word' id='word_1_52' title='bbox 1049 1354 1258 1434; x_wconf 85' lang='lat' dir='ltr'><strong>spinas</strong></span> <span class='ocrx_word' id='word_1_53' title='bbox 1302 1359 1365 1416; x_wconf 87' lang='lat' dir='ltr'><strong>et</strong></span> <span class='ocrx_word' id='word_1_54' title='bbox 1401 1354 1657 1418; x_wconf 91' lang='lat' dir='ltr'><strong>tribulos</strong></span> <span class='ocrx_word' id='word_1_55' title='bbox 1701 1354 2073 1438; x_wconf 77' lang='lat' dir='ltr'><strong>germinabit</strong></span> <span class='ocrx_word' id='word_1_56' title='bbox 2113 1355 2247 1420; x_wconf 87' lang='lat' dir='ltr'><strong>tibi.</strong></span> 
     </span>
     <span class='ocr_line' id='line_1_10' title="bbox 646 1462 2251 1544; baseline 0.001 -18"><span class='ocrx_word' id='word_1_57' title='bbox 646 1464 718 1526; x_wconf 86' lang='lat' dir='ltr'><strong>In</strong></span> <span class='ocrx_word' id='word_1_58' title='bbox 766 1462 995 1526; x_wconf 87' lang='lat' dir='ltr'><strong>sudore</strong></span> <span class='ocrx_word' id='word_1_59' title='bbox 1033 1463 1236 1526; x_wconf 90' lang='lat' dir='ltr'><strong>vultus</strong></span> <span class='ocrx_word' id='word_1_60' title='bbox 1280 1463 1368 1526; x_wconf 86' lang='lat' dir='ltr'><strong>tui</strong></span> <span class='ocrx_word' id='word_1_61' title='bbox 1410 1464 1689 1526; x_wconf 89' lang='lat' dir='ltr'><strong>vesceris</strong></span> <span class='ocrx_word' id='word_1_62' title='bbox 1735 1481 1893 1544; x_wconf 86' lang='lat' dir='ltr'><strong>pane</strong></span> <span class='ocrx_word' id='word_1_63' title='bbox 1934 1472 2082 1544; x_wconf 86' lang='lat' dir='ltr'><strong>tuo,</strong></span> <span class='ocrx_word' id='word_1_64' title='bbox 2126 1465 2251 1528; x_wconf 80' lang='lat' dir='ltr'><strong>do·-</strong></span> 
     </span>
     <span class='ocr_line' id='line_1_11' title="bbox 564 1572 2251 1652; baseline 0.004 -21"><span class='ocrx_word' id='word_1_65' title='bbox 564 1581 622 1631; x_wconf 74' lang='grc' dir='ltr'><strong>ιο</strong></span> <span class='ocrx_word' id='word_1_66' title='bbox 643 1593 766 1638; x_wconf 88' lang='lat' dir='ltr'><strong>nec</strong></span> <span class='ocrx_word' id='word_1_67' title='bbox 803 1573 1138 1638; x_wconf 77' lang='lat' dir='ltr'><strong>revertaris</strong></span> <span class='ocrx_word' id='word_1_68' title='bbox 1177 1572 1240 1633; x_wconf 93' lang='lat' dir='ltr'><strong>in</strong></span> <span class='ocrx_word' id='word_1_69' title='bbox 1282 1578 1528 1648; x_wconf 87' lang='lat' dir='ltr'><strong>terram,</strong></span> <span class='ocrx_word' id='word_1_70' title='bbox 1572 1573 1713 1652; x_wconf 84' lang='lat' dir='ltr'><strong>quia</strong></span> <span class='ocrx_word' id='word_1_71' title='bbox 1758 1579 1925 1636; x_wconf 90' lang='lat' dir='ltr'><strong>terra</strong></span> <span class='ocrx_word' id='word_1_72' title='bbox 1968 1591 2038 1637; x_wconf 88' lang='lat' dir='ltr'><strong>es</strong></span> <span class='ocrx_word' id='word_1_73' title='bbox 2080 1580 2145 1638; x_wconf 91' lang='lat' dir='ltr'><strong>et</strong></span> <span class='ocrx_word' id='word_1_74' title='bbox 2182 1575 2251 1638; x_wconf 75' lang='lat' dir='ltr'><strong>in</strong></span> 
     </span>
     <span class='ocr_line' id='line_1_12' title="bbox 641 1681 2251 1764; baseline 0.002 -19"><span class='ocrx_word' id='word_1_75' title='bbox 641 1689 874 1747; x_wconf 80' lang='lat' dir='ltr'><strong>terram</strong></span> <span class='ocrx_word' id='word_1_76' title='bbox 949 1681 1120 1745; x_wconf 72' lang='lat' dir='ltr'><strong>ibis.⁶</strong></span> <span class='ocrx_word' id='word_1_77' title='bbox 1190 1682 1518 1746; x_wconf 80' lang='lat' dir='ltr'><strong>insidiatus</strong></span> <span class='ocrx_word' id='word_1_78' title='bbox 1588 1687 1687 1745; x_wconf 84' lang='lat' dir='ltr'><strong>est</strong></span> <span class='ocrx_word' id='word_1_79' title='bbox 1749 1699 1887 1746; x_wconf 88' lang='lat' dir='ltr'><strong>eum</strong></span> <span class='ocrx_word' id='word_1_80' title='bbox 1950 1701 2101 1764; x_wconf 85' lang='lat' dir='ltr'><strong>aper</strong></span> <span class='ocrx_word' id='word_1_81' title='bbox 2170 1685 2251 1748; x_wconf 89' lang='lat' dir='ltr'><strong>de</strong></span> 
     </span>
     <span class='ocr_line' id='line_1_13' title="bbox 637 1790 2252 1875; baseline -0.001 -18"><span class='ocrx_word' id='word_1_82' title='bbox 637 1791 838 1875; x_wconf 76' lang='lat' dir='ltr'><strong>sylva,</strong></span> <span class='ocrx_word' id='word_1_83' title='bbox 879 1798 942 1856; x_wconf 90' lang='lat' dir='ltr'><strong>et</strong></span> <span class='ocrx_word' id='word_1_84' title='bbox 979 1790 1313 1875; x_wconf 82' lang='lat' dir='ltr'><strong>singularis</strong></span> <span class='ocrx_word' id='word_1_85' title='bbox 1352 1791 1522 1854; x_wconf 86' lang='lat' dir='ltr'><strong>ferus</strong></span> <span class='ocrx_word' id='word_1_86' title='bbox 1572 1790 1861 1872; x_wconf 85' lang='lat' dir='ltr'><strong>depastus</strong></span> <span class='ocrx_word' id='word_1_87' title='bbox 1902 1797 1997 1852; x_wconf 85' lang='lat' dir='ltr'><strong>est</strong></span> <span class='ocrx_word' id='word_1_88' title='bbox 2034 1809 2175 1855; x_wconf 86' lang='lat' dir='ltr'><strong>eum</strong></span> <span class='ocrx_word' id='word_1_89' title='bbox 2191 1797 2252 1867; x_wconf 72' lang='lat' dir='ltr'><strong>,d</strong></span> 
     </span>
     <span class='ocr_line' id='line_1_14' title="bbox 641 1899 2251 1982; baseline -0.001 -18"><span class='ocrx_word' id='word_1_90' title='bbox 641 1901 820 1982; x_wconf 80' lang='lat' dir='ltr'><strong>lupus</strong></span> <span class='ocrx_word' id='word_1_91' title='bbox 863 1907 927 1964; x_wconf 90' lang='lat' dir='ltr'><strong>et</strong></span> <span class='ocrx_word' id='word_1_92' title='bbox 967 1917 1170 1980; x_wconf 88' lang='lat' dir='ltr'><strong>ursus,</strong></span> <span class='ocrx_word' id='word_1_93' title='bbox 1217 1899 1444 1980; x_wconf 88' lang='lat' dir='ltr'><strong>pardus</strong></span> <span class='ocrx_word' id='word_1_94' title='bbox 1480 1905 1541 1962; x_wconf 87' lang='lat' dir='ltr'><strong>et</strong></span> <span class='ocrx_word' id='word_1_95' title='bbox 1570 1899 1739 1978; x_wconf 74' lang='lat' dir='ltr'><strong>leo,0</strong></span> <span class='ocrx_word' id='word_1_96' title='bbox 1778 1899 1956 1982; x_wconf 87' lang='lat' dir='ltr'><strong>tigris</strong></span> <span class='ocrx_word' id='word_1_97' title='bbox 2002 1905 2063 1962; x_wconf 88' lang='lat' dir='ltr'><strong>et</strong></span> <span class='ocrx_word' id='word_1_98' title='bbox 2090 1918 2251 1964; x_wconf 83' lang='lat' dir='ltr'><strong>ona-</strong></span> 
     </span>
     <span class='ocr_line' id='line_1_15' title="bbox 649 2008 2249 2095; baseline 0 -22"><span class='ocrx_word' id='word_1_99' title='bbox 649 2028 788 2095; x_wconf 82' lang='lat' dir='ltr'><strong>ger,</strong></span> <span class='ocrx_word' id='word_1_100' title='bbox 837 2008 1188 2075; x_wconf 80' lang='lat' dir='ltr'><strong>crocodilus</strong></span> <span class='ocrx_word' id='word_1_101' title='bbox 1239 2014 1303 2072; x_wconf 87' lang='lat' dir='ltr'><strong>et</strong></span> <span class='ocrx_word' id='word_1_102' title='bbox 1344 2008 1655 2090; x_wconf 76' lang='lat' dir='ltr'><strong>gryphus,</strong></span> <span class='ocrx_word' id='word_1_103' title='bbox 1710 2025 1972 2089; x_wconf 85' lang='lat' dir='ltr'><strong>serpens</strong></span> <span class='ocrx_word' id='word_1_104' title='bbox 2026 2015 2087 2073; x_wconf 89' lang='lat' dir='ltr'><strong>et</strong></span> <span class='ocrx_word' id='word_1_105' title='bbox 2132 2029 2249 2075; x_wconf 80' lang='lat' dir='ltr'><strong>co-</strong></span> 
     </span>
     <span class='ocr_line' id='line_1_16' title="bbox 560 2117 2245 2199; baseline 0.001 -17"><span class='ocrx_word' id='word_1_106' title='bbox 560 2127 617 2174; x_wconf 83' lang='lat'><strong>15</strong></span> <span class='ocrx_word' id='word_1_107' title='bbox 641 2120 852 2198; x_wconf 87' lang='lat' dir='ltr'><strong>luber,</strong></span> <span class='ocrx_word' id='word_1_108' title='bbox 899 2117 1223 2181; x_wconf 73' lang='lat' dir='ltr'><strong>basiliscus</strong></span> <span class='ocrx_word' id='word_1_109' title='bbox 1272 2124 1337 2179; x_wconf 90' lang='lat' dir='ltr'><strong>et</strong></span> <span class='ocrx_word' id='word_1_110' title='bbox 1379 2118 1566 2198; x_wconf 79' lang='lat' dir='ltr'><strong>aspis,</strong></span> <span class='ocrx_word' id='word_1_111' title='bbox 1612 2125 1887 2182; x_wconf 83' lang='lat' dir='ltr'><strong>cerastes</strong></span> <span class='ocrx_word' id='word_1_112' title='bbox 1928 2127 1989 2181; x_wconf 85' lang='lat' dir='ltr'><strong>et</strong></span> <span class='ocrx_word' id='word_1_113' title='bbox 2030 2120 2245 2199; x_wconf 86' lang='lat' dir='ltr'><strong>draco,</strong></span> 
     </span>
     <span class='ocr_line' id='line_1_17' title="bbox 641 2226 2248 2311; baseline 0 -18"><span class='ocrx_word' id='word_1_114' title='bbox 641 2236 1012 2309; x_wconf 84' lang='lat' dir='ltr'><strong>scorpiones</strong></span> <span class='ocrx_word' id='word_1_115' title='bbox 1053 2235 1115 2291; x_wconf 87' lang='lat' dir='ltr'><strong>et</strong></span> <span class='ocrx_word' id='word_1_116' title='bbox 1155 2228 1445 2307; x_wconf 85' lang='lat' dir='ltr'><strong>viperae,</strong></span> <span class='ocrx_word' id='word_1_117' title='bbox 1493 2226 1609 2290; x_wconf 89' lang='lat' dir='ltr'><strong>sed</strong></span> <span class='ocrx_word' id='word_1_118' title='bbox 1654 2234 1719 2291; x_wconf 85' lang='lat' dir='ltr'><strong>et</strong></span> <span class='ocrx_word' id='word_1_119' title='bbox 1755 2228 1971 2291; x_wconf 87' lang='lat' dir='ltr'><strong>leudes</strong></span> <span class='ocrx_word' id='word_1_120' title='bbox 2022 2236 2085 2291; x_wconf 90' lang='lat' dir='ltr'><strong>et</strong></span> <span class='ocrx_word' id='word_1_121' title='bbox 2135 2249 2248 2311; x_wconf 85' lang='lat' dir='ltr'><strong>pe-</strong></span> 
     </span>
     <span class='ocr_line' id='line_1_18' title="bbox 649 2334 2248 2419; baseline 0 -18"><span class='ocrx_word' id='word_1_122' title='bbox 649 2337 858 2419; x_wconf 84' lang='lat' dir='ltr'><strong>diculi,</strong></span> <span class='ocrx_word' id='word_1_123' title='bbox 899 2334 1200 2399; x_wconf 84' lang='lat' dir='ltr'><strong>formicae</strong></span> <span class='ocrx_word' id='word_1_124' title='bbox 1245 2340 1309 2397; x_wconf 89' lang='lat' dir='ltr'><strong>et</strong></span> <span class='ocrx_word' id='word_1_125' title='bbox 1347 2335 1619 2415; x_wconf 85' lang='lat' dir='ltr'><strong>pulices,</strong></span> <span class='ocrx_word' id='word_1_126' title='bbox 1666 2336 1965 2417; x_wconf 79' lang='lat' dir='ltr'><strong>cyniphes</strong></span> <span class='ocrx_word' id='word_1_127' title='bbox 2010 2345 2074 2400; x_wconf 87' lang='lat' dir='ltr'><strong>et</strong></span> <span class='ocrx_word' id='word_1_128' title='bbox 2109 2356 2248 2401; x_wconf 74' lang='lat' dir='ltr'><strong>mu—</strong></span> 
     </span>
     <span class='ocr_line' id='line_1_19' title="bbox 645 2446 2245 2527; baseline 0.001 -18"><span class='ocrx_word' id='word_1_129' title='bbox 645 2462 819 2523; x_wconf 87' lang='lat' dir='ltr'><strong>scae,</strong></span> <span class='ocrx_word' id='word_1_130' title='bbox 869 2446 1209 2509; x_wconf 86' lang='lat' dir='ltr'><strong>crabrones</strong></span> <span class='ocrx_word' id='word_1_131' title='bbox 1239 2452 1303 2509; x_wconf 81' lang='lat' dir='ltr'><strong>et</strong></span> <span class='ocrx_word' id='word_1_132' title='bbox 1328 2464 1578 2526; x_wconf 86' lang='lat' dir='ltr'><strong>vespae,</strong></span> <span class='ocrx_word' id='word_1_133' title='bbox 1602 2448 1810 2527; x_wconf 89' lang='lat' dir='ltr'><strong>pisces</strong></span> <span class='ocrx_word' id='word_1_134' title='bbox 1846 2453 1909 2509; x_wconf 91' lang='lat' dir='ltr'><strong>et</strong></span> <span class='ocrx_word' id='word_1_135' title='bbox 1934 2447 2245 2511; x_wconf 85' lang='lat' dir='ltr'><strong>volucres.</strong></span> 
     </span>
    </p>
   </div>
   <div class='ocr_carea' id='block_1_3' title="bbox 639 2598 2245 2744">
    <p class='ocr_par' dir='ltr' id='par_1_3' title="bbox 639 2598 2245 2744">
     <span class='ocr_line' id='line_1_20' title="bbox 785 2598 2245 2671; baseline -0.001 -18"><span class='ocrx_word' id='word_1_136' title='bbox 785 2609 843 2668; x_wconf 82' lang='lat' dir='ltr'><strong>a)</strong></span> <span class='ocrx_word' id='word_1_137' title='bbox 883 2602 1003 2668; x_wconf 78' lang='lat' dir='ltr'><strong>Sap.</strong></span> <span class='ocrx_word' id='word_1_138' title='bbox 1025 2602 1076 2663; x_wconf 82' lang='lat'><strong>5,</strong></span> <span class='ocrx_word' id='word_1_139' title='bbox 1097 2599 1186 2652; x_wconf 80' lang='lat'><strong>21.</strong></span> <span class='ocrx_word' id='word_1_140' title='bbox 1294 2598 1355 2667; x_wconf 87' lang='lat' dir='ltr'><strong>b)</strong></span> <span class='ocrx_word' id='word_1_141' title='bbox 1398 2600 1521 2651; x_wconf 82' lang='lat' dir='ltr'><strong>Luc.</strong></span> <span class='ocrx_word' id='word_1_142' title='bbox 1543 2602 1630 2664; x_wconf 82' lang='lat'><strong>21,</strong></span> <span class='ocrx_word' id='word_1_143' title='bbox 1664 2604 1890 2655; x_wconf 79' lang='lat'>10-11,</span> <span class='ocrx_word' id='word_1_144' title='bbox 2038 2608 2091 2671; x_wconf 88' lang='lat' dir='ltr'><strong>c)</strong></span> <span class='ocrx_word' id='word_1_145' title='bbox 2114 2602 2245 2655; x_wconf 85' lang='lat' dir='ltr'><strong>Gen.</strong></span> 
     </span>
     <span class='ocr_line' id='line_1_21' title="bbox 639 2669 2243 2744; baseline -0.003 -16"><span class='ocrx_word' id='word_1_146' title='bbox 639 2676 694 2739; x_wconf 84' lang='lat'><strong>3,</strong></span> <span class='ocrx_word' id='word_1_147' title='bbox 739 2674 963 2728; x_wconf 77' lang='lat'><strong>17-20,</strong></span> <span class='ocrx_word' id='word_1_148' title='bbox 1054 2672 1114 2735; x_wconf 79' lang='lat' dir='ltr'><strong>d)</strong></span> <span class='ocrx_word' id='word_1_149' title='bbox 1151 2669 1338 2723; x_wconf 73' lang='lat' dir='ltr'><strong>Psalm.</strong></span> <span class='ocrx_word' id='word_1_150' title='bbox 1366 2669 1453 2736; x_wconf 87' lang='lat'><strong>79,</strong></span> <span class='ocrx_word' id='word_1_151' title='bbox 1478 2670 1559 2723; x_wconf 80' lang='lat'><strong>24.</strong></span> <span class='ocrx_word' id='word_1_152' title='bbox 1677 2678 1729 2744; x_wconf 91' lang='lat' dir='ltr'><strong>e)</strong></span> <span class='ocrx_word' id='word_1_153' title='bbox 1766 2673 2062 2727; x_wconf 52' lang='grc' dir='ltr'><strong>Ἦλθε-ειη.</strong></span> <span class='ocrx_word' id='word_1_154' title='bbox 2102 2675 2154 2739; x_wconf 90' lang='grc'><strong>5,</strong></span> <span class='ocrx_word' id='word_1_155' title='bbox 2191 2674 2243 2727; x_wconf 87' lang='grc'><strong>6.</strong></span> 
     </span>
    </p>
   </div>
   <div class='ocr_carea' id='block_1_4' title="bbox 634 2792 1051 2809">
    <p class='ocr_par' dir='ltr' id='par_1_4' title="bbox 634 2792 1051 2809">
     <span class='ocr_line' id='line_1_22' title="bbox 634 2792 1051 2809; baseline 0 1310"><span class='ocrx_word' id='word_1_156' title='bbox 634 2792 1051 2809; x_wconf 95' lang='lat' dir='ltr'><strong> </strong></span> 
     </span>
    </p>
   </div>
   <div class='ocr_carea' id='block_1_5' title="bbox 641 2860 2247 3073">
    <p class='ocr_par' dir='ltr' id='par_1_5' title="bbox 641 2860 2247 3073">
     <span class='ocr_line' id='line_1_23' title="bbox 792 2860 2247 2945; baseline -0.002 -31"><span class='ocrx_word' id='word_1_157' title='bbox 792 2869 839 2914; x_wconf 91' lang='grc'><strong>1.</strong></span> <span class='ocrx_word' id='word_1_158' title='bbox 877 2861 935 2914; x_wconf 66' lang='grc' dir='ltr'><strong>ἑά</strong></span> <span class='ocrx_word' id='word_1_159' title='bbox 971 2869 1046 2913; x_wconf 76' lang='lat' dir='ltr'><strong>est</strong></span> <span class='ocrx_word' id='word_1_160' title='bbox 1078 2878 1204 2929; x_wconf 66' lang='lat' dir='ltr'><strong>qens</strong></span> <span class='ocrx_word' id='word_1_161' title='bbox 1239 2860 1287 2913; x_wconf 80' lang='grc'><strong>,1.</strong></span> <span class='ocrx_word' id='word_1_162' title='bbox 1357 2869 1561 2945; x_wconf 56' lang='lat' dir='ltr'><strong>gentem</strong></span> <span class='ocrx_word' id='word_1_163' title='bbox 1594 2875 1807 2928; x_wconf 85' lang='lat' dir='ltr'><strong>superp.</strong></span> <span class='ocrx_word' id='word_1_164' title='bbox 1845 2863 1920 2913; x_wconf 86' lang='grc' dir='ltr'><strong>Μ.</strong></span> <span class='ocrx_word' id='word_1_165' title='bbox 1972 2932 1985 2945; x_wconf 89' lang='lat'><strong>.</strong></span> <span class='ocrx_word' id='word_1_166' title='bbox 2104 2864 2157 2913; x_wconf 83' lang='lat'><strong>2.</strong></span> <span class='ocrx_word' id='word_1_167' title='bbox 2199 2867 2247 2912; x_wconf 79' lang='lat' dir='ltr'><strong>et</strong></span> 
     </span>
     <span class='ocr_line' id='line_1_24' title="bbox 641 2932 2245 3000; baseline -0.004 -11"><span class='ocrx_word' id='word_1_168' title='bbox 641 2950 746 2989; x_wconf 79' lang='lat' dir='ltr'><strong>om.</strong></span> <span class='ocrx_word' id='word_1_169' title='bbox 779 2933 868 2986; x_wconf 82' lang='lat' dir='ltr'><strong>CJ.</strong></span> <span class='ocrx_word' id='word_1_170' title='bbox 908 2941 1061 2985; x_wconf 73' lang='lat' dir='ltr'><strong>erunt</strong></span> <span class='ocrx_word' id='word_1_171' title='bbox 1093 2947 1196 2983; x_wconf 69' lang='grc' dir='ltr'><strong>οι.</strong></span> <span class='ocrx_word' id='word_1_172' title='bbox 1221 2932 1383 2984; x_wconf 73' lang='lat' dir='ltr'><strong>eavs.</strong></span> <span class='ocrx_word' id='word_1_173' title='bbox 1544 2932 1599 2985; x_wconf 84' lang='lat'><strong>3.</strong></span> <span class='ocrx_word' id='word_1_174' title='bbox 1644 2941 1692 2983; x_wconf 83' lang='lat' dir='ltr'><strong>et</strong></span> <span class='ocrx_word' id='word_1_175' title='bbox 1722 2932 2049 3000; x_wconf 64' lang='lat' dir='ltr'><strong>pendentum</strong></span> <span class='ocrx_word' id='word_1_176' title='bbox 2086 2932 2245 2984; x_wconf 78' lang='lat' dir='ltr'><strong>CavJ.</strong></span> 
     </span>
     <span class='ocr_line' id='line_1_25' title="bbox 642 3004 2245 3073; baseline -0.002 -16"><span class='ocrx_word' id='word_1_177' title='bbox 642 3008 698 3059; x_wconf 76' lang='lat'><strong>4.</strong></span> <span class='ocrx_word' id='word_1_178' title='bbox 719 3014 770 3057; x_wconf 75' lang='lat' dir='ltr'><strong>et</strong></span> <span class='ocrx_word' id='word_1_179' title='bbox 805 3004 1058 3057; x_wconf 83' lang='lat' dir='ltr'><strong>om.Cav.</strong></span> <span class='ocrx_word' id='word_1_180' title='bbox 1097 3012 1367 3071; x_wconf 68' lang='lat' dir='ltr'><strong>tenpestas</strong></span> <span class='ocrx_word' id='word_1_181' title='bbox 1396 3005 1471 3055; x_wconf 81' lang='lat' dir='ltr'><strong>M.</strong></span> <span class='ocrx_word' id='word_1_182' title='bbox 1622 3004 1707 3054; x_wconf 86' lang='lat'><strong>11.</strong></span> <span class='ocrx_word' id='word_1_183' title='bbox 1724 3004 1845 3073; x_wconf 71' lang='lat' dir='ltr'><strong>ibis]</strong></span> <span class='ocrx_word' id='word_1_184' title='bbox 1868 3006 2151 3056; x_wconf 70' lang='lat' dir='ltr'><strong>reverteris</strong></span> <span class='ocrx_word' id='word_1_185' title='bbox 2168 3004 2245 3055; x_wconf 75' lang='lat' dir='ltr'><strong>M.</strong></span> 
     </span>
    </p>
   </div>
   <div class='ocr_carea' id='block_1_6' title="bbox 637 3074 2248 3428">
    <p class='ocr_par' dir='ltr' id='par_1_6' title="bbox 637 3074 2248 3428">
     <span class='ocr_line' id='line_1_26' title="bbox 645 3074 2248 3136; baseline -0.004 -6"><span class='ocrx_word' id='word_1_186' title='bbox 645 3074 1062 3136; x_wconf 63' lang='lat' dir='ltr'><strong>[uidimus-MC,</strong></span> <span class='ocrx_word' id='word_1_187' title='bbox 1100 3074 1547 3127; x_wconf 66' lang='lat' dir='ltr'><strong>Exterminaeitl.</strong></span> <span class='ocrx_word' id='word_1_188' title='bbox 1588 3090 1700 3126; x_wconf 69' lang='lat' dir='ltr'><strong>enm</strong></span> <span class='ocrx_word' id='word_1_189' title='bbox 1718 3089 1822 3126; x_wconf 88' lang='lat' dir='ltr'><strong>om.</strong></span> <span class='ocrx_word' id='word_1_190' title='bbox 1838 3077 1957 3127; x_wconf 89' lang='lat' dir='ltr'><strong>MC.</strong></span> <span class='ocrx_word' id='word_1_191' title='bbox 2035 3076 2248 3126; x_wconf 63' lang='grc' dir='ltr'><strong>12..ιή-</strong></span> 
     </span>
     <span class='ocr_line' id='line_1_27' title="bbox 645 3142 2247 3217; baseline -0.002 -20"><span class='ocrx_word' id='word_1_192' title='bbox 645 3146 850 3217; x_wconf 68' lang='grc' dir='ltr'><strong>ςιιὶανὲε</strong></span> <span class='ocrx_word' id='word_1_193' title='bbox 869 3154 1001 3197; x_wconf 72' lang='lat' dir='ltr'><strong>tum</strong></span> <span class='ocrx_word' id='word_1_194' title='bbox 1020 3148 1164 3210; x_wconf 71' lang='lat' dir='ltr'><strong>ferus</strong></span> <span class='ocrx_word' id='word_1_195' title='bbox 1179 3146 1255 3195; x_wconf 78' lang='lat' dir='ltr'><strong>M.</strong></span> <span class='ocrx_word' id='word_1_196' title='bbox 1274 3146 1569 3213; x_wconf 74' lang='lat' dir='ltr'><strong>depascitur</strong></span> <span class='ocrx_word' id='word_1_197' title='bbox 1586 3148 1722 3216; x_wconf 74' lang='lat' dir='ltr'><strong>(eum</strong></span> <span class='ocrx_word' id='word_1_198' title='bbox 1736 3149 1861 3215; x_wconf 85' lang='lat' dir='ltr'><strong>om.)</strong></span> <span class='ocrx_word' id='word_1_199' title='bbox 1878 3144 1939 3197; x_wconf 86' lang='lat' dir='ltr'><strong>C.</strong></span> <span class='ocrx_word' id='word_1_200' title='bbox 2017 3142 2099 3196; x_wconf 77' lang='lat'><strong>14.</strong></span> <span class='ocrx_word' id='word_1_201' title='bbox 2116 3162 2247 3213; x_wconf 61' lang='grc' dir='ltr'><strong>9η,-</strong></span> 
     </span>
     <span class='ocr_line' id='line_1_28' title="bbox 637 3214 2247 3289; baseline -0.001 -20"><span class='ocrx_word' id='word_1_202' title='bbox 637 3219 770 3289; x_wconf 70' lang='lat' dir='ltr'><strong>phes</strong></span> <span class='ocrx_word' id='word_1_203' title='bbox 803 3217 852 3269; x_wconf 80' lang='lat' dir='ltr'><strong>J.</strong></span> <span class='ocrx_word' id='word_1_204' title='bbox 1005 3218 1088 3267; x_wconf 80' lang='lat'><strong>15.</strong></span> <span class='ocrx_word' id='word_1_205' title='bbox 1129 3226 1393 3268; x_wconf 66' lang='lat' dir='ltr'><strong>cereastes</strong></span> <span class='ocrx_word' id='word_1_206' title='bbox 1416 3219 1493 3268; x_wconf 88' lang='grc' dir='ltr'><strong>Μ.</strong></span> <span class='ocrx_word' id='word_1_207' title='bbox 1639 3214 1720 3267; x_wconf 84' lang='lat'><strong>16.</strong></span> <span class='ocrx_word' id='word_1_208' title='bbox 1754 3217 1845 3267; x_wconf 72' lang='lat' dir='ltr'><strong>sed</strong></span> <span class='ocrx_word' id='word_1_209' title='bbox 1897 3224 1945 3267; x_wconf 78' lang='lat' dir='ltr'><strong>et</strong></span> <span class='ocrx_word' id='word_1_210' title='bbox 1979 3214 2159 3267; x_wconf 62' lang='lat' dir='ltr'><strong>londos</strong></span> <span class='ocrx_word' id='word_1_211' title='bbox 2196 3222 2247 3267; x_wconf 74' lang='lat' dir='ltr'><strong>ct</strong></span> 
     </span>
     <span class='ocr_line' id='line_1_29' title="bbox 639 3286 2244 3359; baseline -0.002 -19"><span class='ocrx_word' id='word_1_212' title='bbox 639 3290 860 3359; x_wconf 73' lang='lat' dir='ltr'><strong>pulices,</strong></span> <span class='ocrx_word' id='word_1_213' title='bbox 891 3288 1129 3357; x_wconf 70' lang='lat' dir='ltr'><strong>pinnices</strong></span> <span class='ocrx_word' id='word_1_214' title='bbox 1165 3295 1216 3337; x_wconf 80' lang='lat' dir='ltr'><strong>et</strong></span> <span class='ocrx_word' id='word_1_215' title='bbox 1249 3286 1497 3357; x_wconf 72' lang='lat' dir='ltr'><strong>pediculi,</strong></span> <span class='ocrx_word' id='word_1_216' title='bbox 1536 3287 1723 3355; x_wconf 72' lang='lat' dir='ltr'><strong>cinifes</strong></span> <span class='ocrx_word' id='word_1_217' title='bbox 1756 3294 1807 3337; x_wconf 79' lang='lat' dir='ltr'><strong>et</strong></span> <span class='ocrx_word' id='word_1_218' title='bbox 1838 3302 2066 3350; x_wconf 70' lang='lat' dir='ltr'><strong>muscae,</strong></span> <span class='ocrx_word' id='word_1_219' title='bbox 2100 3296 2244 3337; x_wconf 72' lang='lat' dir='ltr'><strong>stru-</strong></span> 
     </span>
     <span class='ocr_line' id='line_1_30' title="bbox 647 3356 2243 3428; baseline -0.003 -14"><span class='ocrx_word' id='word_1_220' title='bbox 647 3363 803 3414; x_wconf 76' lang='lat' dir='ltr'><strong>bones</strong></span> <span class='ocrx_word' id='word_1_221' title='bbox 840 3366 888 3410; x_wconf 82' lang='lat' dir='ltr'><strong>et</strong></span> <span class='ocrx_word' id='word_1_222' title='bbox 923 3375 1108 3428; x_wconf 75' lang='lat' dir='ltr'><strong>vespae</strong></span> <span class='ocrx_word' id='word_1_223' title='bbox 1145 3359 1222 3411; x_wconf 87' lang='grc' dir='ltr'><strong>Μ.</strong></span> <span class='ocrx_word' id='word_1_224' title='bbox 1382 3358 1467 3411; x_wconf 86' lang='grc'><strong>18.</strong></span> <span class='ocrx_word' id='word_1_225' title='bbox 1503 3358 1809 3428; x_wconf 72' lang='lat' dir='ltr'><strong>crabrones]</strong></span> <span class='ocrx_word' id='word_1_226' title='bbox 1848 3358 2159 3411; x_wconf 74' lang='lat' dir='ltr'><strong>scrabrones</strong></span> <span class='ocrx_word' id='word_1_227' title='bbox 2190 3356 2243 3409; x_wconf 75' lang='lat' dir='ltr'><strong>J.</strong></span> 
     </span>
    </p>
   </div>
  </div>
 </body>
</html>
