2507 4119
709 484 777 520 mi
815 483 968 522 cour.
1001 482 1194 519 nuum.
1231 483 1343 520 mn.
1377 483 1441 519 n.
1776 468 1875 522 117

208 641 214 645 -
257 612 418 667 ests*
474 605 624 680 Quis
673 613 773 670 est
830 608 935 688 qui.
990 606 1136 669 illud
1199 606 1413 669 dicere
1470 604 1675 667 valeat
1738 621 1875 668 cum

255 715 600 795 Apostolo:
645 714 808 779 Nihil
857 715 1004 779 mibi
1051 715 1343 779 conscius
1386 729 1560 793 sum,
1604 731 1729 776 non
1776 720 1877 776 ta-

259 841 404 886 men
457 825 520 886 in
572 824 694 887 hoc
737 824 1096 887 iustificatus
1138 823 1347 886 sum?b
1419 822 1567 896 Quis
1624 829 1718 886 est
1770 823 1875 885 hio

259 939 326 994 et
352 931 738 994 laudabimus
769 950 906 994 eum
924 933 986 995 ‘te
1031 934 1196 994 Ecce
1225 933 1387 994 inter
1411 938 1659 994 sanctos
1688 949 1869 994 nemo

260 1045 362 1102 est
407 1040 816 1117 immutabilis,
865 1040 1026 1104 coeli
1065 1057 1190 1103 non
1223 1045 1367 1102 sunt
1388 1038 1591 1102 mundi
1619 1039 1683 1101 in
1712 1057 1869 1102 con-
1894 1052 1925 1100 ο

258 1153 481 1228 spectu
526 1149 704 1224 eius,
769 1154 829 1210 et
872 1148 938 1210 in
979 1149 1220 1230 angelis
1268 1148 1401 1211 eius
1453 1149 1683 1229 reperit
1724 1167 1874 1229 pra-

258 1257 532 1318 vitatem.
635 1257 875 1330 Quanto
933 1257 1132 1339 magis
1199 1262 1264 1318 et
1322 1256 1753 1319 abominabilis
1814 1262 1877 1320 et

259 1364 496 1428 inutilis
541 1369 638 1426 est
678 1364 887 1443 home,
932 1366 1034 1445 qui
1073 1365 1226 1426 bibit
1268 1365 1445 1445 quasi
1488 1380 1707 1444 aquam
1750 1363 1879 1424 ini-

262 1473 556 1554 quitatem
576 1473 644 1534 ?‘1
691 1473 999 1535 Paenituit
1031 1489 1186 1554 ergo
1213 1474 1432 1546 Deum,
1474 1472 1639 1552 quod
1680 1471 1878 1533 fecis-

260 1586 361 1642 set
405 1581 716 1644 hominem
761 1582 823 1642 in
877 1587 1082 1660 terra,
1135 1598 1211 1642 eo
1260 1580 1423 1660 quod
1480 1579 1659 1642 multa
1710 1584 1877 1642 esset
1901 1598 1961 1646 ιο

259 1689 576 1751 hominum
611 1688 838 1752 malitia
880 1706 1068 1768 super
1109 1693 1362 1767 terram,
1410 1694 1471 1750 et
1512 1695 1730 1750 cuncta
1761 1706 1877 1751 co-

263 1798 484 1880 gitatio
536 1798 800 1861 hominis
846 1798 1014 1859 omni
1056 1803 1337 1877 tempore
1382 1796 1460 1858 ad
1506 1798 1723 1860 malum
1771 1798 1877 1858 in-

255 1912 459 1970 tenta:
511 1913 572 1966 et
615 1906 759 1968 ideo
807 1912 1005 1968 tactus
1053 1904 1271 1968 dolore
1320 1905 1529 1967 cordis
1576 1905 1875 1969 intrinse-

255 2033 370 2079 cus
413 2011 640 2077 delevit
667 2012 996 2093 hominem,
1027 2031 1205 2096 quem
1235 2019 1612 2077 creaverat.0
1653 2013 1871 2092 Porr0‚

253 2122 782 2203 superabundavit
822 2122 1134 2203 iniquitaS,
1183 2126 1244 2183 et
1276 2122 1565 2205 refriguit
1602 2121 1871 2185 charitas
1898 2142 1955 2189 15

255 2232 639 2295 multorum.f
697 2231 928 2296 Omnes
975 2232 1465 2305 declinaverunt,
1508 2231 1687 2295 simul
1729 2234 1874 2295 inu-

259 2340 405 2402 tiles
454 2340 600 2403 facti
647 2346 822 2417 sunt,
874 2356 1000 2421 nen
1059 2345 1156 2400 est
1214 2342 1317 2419 qui
1376 2338 1574 2407 faciat,
1620 2342 1872 2416 bonum,

256 2466 386 2511 non
429 2455 523 2511 est
561 2466 756 2529 usque
795 2448 874 2509 ad
911 2460 1152 2511 unums
1193 2448 1343 2510 Tota
1368 2464 1525 2528 pene
1550 2449 1671 2512 vita
1700 2468 1873 2513 mor-

256 2558 468 2621 talium
515 2556 871 2620 mortalibus
916 2562 1011 2619 est
1065 2556 1248 2636 plena
1300 2556 1604 2636 peccatis,
1650 2563 1719 2619 ut
1766 2558 1871 2620 vix

407 2698 462 2754 a)
503 2690 540 2743 1.
557 2690 709 2745 Joan.
757 2692 870 2751 1,8.
1018 2688 1080 2754 b)
1119 2689 1162 2740 1.
1178 2686 1297 2739 Gor.
1331 2690 1385 2751 4,
1406 2684 1459 2739 4.
1606 2702 1659 2754 c)
1694 2687 1864 2742 Ecoli-

256 2766 350 2829 31,
388 2764 442 2817 9.
587 2763 640 2831 d)
678 2759 778 2815 Job
817 2763 870 2827 4,
907 2759 990 2812 18.
1033 2761 1118 2825 15,
1154 2757 1381 2810 15-16,
1540 2762 1596 2820 e)
1640 2760 1769 2813 Gen.
1812 2760 1869 2823 6,

254 2835 420 2888 5-8.
565 2835 612 2899 s)
654 2833 833 2884 Martii.
874 2834 965 2893 21,
1009 2832 1090 2881 12.
1206 2832 1269 2897 g)
1310 2828 1497 2881 Psalm.
1524 2830 1609 2894 13,
1627 2829 1678 2881 3.
1702 2832 1789 2895 52,
1810 2831 1866 2883 4.

405 2967 450 3015 1.
490 2961 667 3013 valeat
705 2977 818 3012 cum
838 2954 1083 3029 Apostoto
1123 2958 1299 3010 dicere
1336 2957 1401 3009 M.
1549 2960 1601 3011 2.
1641 2974 1749 3009 non
1778 2967 1866 3009 ta-

251 3052 374 3085 men
408 3035 466 3083 in
505 3033 603 3083 1000
617 3034 922 3097 iustificat-cs
940 3048 1052 3083 sum
1081 3045 1184 3081 om.
1205 3030 1275 3081 M.
1379 3028 1431 3082 6.
1470 3027 1673 3097 anqelt's
1692 3030 1797 3080 suis
1816 3029 1865 3083 J.

249 3107 304 3158 7.
345 3106 551 3169 Quanto
600 3105 767 3171 magis
817 3100 1183 3153 abominabilis
1246 3108 1322 3151 est
1372 3108 1421 3151 et
1466 3099 1667 3151 inutilis
1716 3099 1865 3151 'tomo

249 3174 464 3229 mcavJ.
558 3175 608 3225 9.
642 3173 896 3225 Paenituit
933 3172 1244 3241 eryoDeum
1281 3172 1467 3238 secisse
1496 3172 1751 3221 homiuem
1771 3170 1861 3224 CJ.

247 3248 510 3299 bominem
565 3246 772 3311 fecisset
827 3245 891 3294 Μ.
1085 3247 1169 3294 11.
1231 3241 1437 3294 malitia
1493 3242 1755 3294 hominum
1794 3242 1861 3292 M.

255 3320 343 3371 1¹3.
383 3316 564 3369 dolore
598 3317 911 3367 intrinsecus
949 3314 1121 3366 cordis
1159 3313 1224 3365 Μ.
1390 3313 1472 3364 15.
1512 3313 1759 3379 iniquitas
1794 3311 1863 3363 ad

253 3405 419 3457 marg.
459 3389 662 3455 pamfli.
702 3388 915 3455 refrixit
951 3387 1078 3437 ΟΠ.
1230 3384 1315 3436 18.
1351 3400 1485 3454 pene
1520 3398 1627 3435 om.
1662 3383 1730 3437 Μ.
