2507 4119
603 461 676 514 36
1123 469 1439 509 macen-ru
1476 471 1555 508 rr.
1596 469 1683 509 m.

597 616 746 663 scua
797 597 1048 660 divitum
1088 610 1457 677 pauperes·
1532 598 1585 661 0
1628 602 1903 660 extrema
1930 597 2211 660 conditio

600 706 932 770 servitutis.
997 706 1227 768 Natura
1262 705 1495 769 liberos
1538 707 1774 790 genuit,
1819 705 1931 769 sed
1964 705 2218 769 fortuna

600 832 821 878 servos
890 813 1226 875 constituit.
1338 813 1565 876 Servus
1632 814 1879 895 cogitur
1953 814 2079 894 pati
2154 818 2219 876 et

600 939 782 985 nemo
829 921 1050 984 sinitur
1093 920 1397 1002 compati,
1438 920 1655 983 dolere
1701 920 2085 1002 compellitur
2150 927 2217 984 et

545 1043 573 1090 a
600 1047 782 1094 nemo
833 1028 1174 1092 condolere
1231 1030 1616 1110 permittitur.
1726 1027 1830 1093 Sic
1890 1033 2023 1111 ipse
2078 1047 2209 1092 non

599 1157 746 1202 suus
789 1144 904 1216 est,
948 1144 1016 1198 ut
1059 1155 1243 1200 nemo
1288 1139 1371 1201 sit
1398 1139 1538 1202 sibi.
1623 1139 1832 1202 Miseri
1868 1141 1972 1220 qui
2002 1146 2209 1204 castra

595 1253 968 1328 sequuntur,
1017 1246 1158 1326 quia
1222 1247 1513 1310 miserum
1578 1255 1673 1309 est
1733 1249 1947 1312 vivere
2004 1248 2209 1312 aliena

596 1354 849 1434 praeda.
893 1355 1218 1416 Dominum
1246 1359 1471 1433 autem,
1498 1356 1552 1416 si
1581 1355 1847 1418 crudelis
1877 1362 1989 1434 est,
2014 1373 2209 1437 opor-

593 1470 686 1526 tet
728 1463 933 1526 vereri
989 1468 1240 1542 propter
1284 1461 1614 1542 nequitiam
1656 1462 2110 1536 subiectorum,
2148 1463 2205 1524 si

517 1585 572 1631 ιο
601 1572 762 1635 mitis
828 1577 955 1648 est,
1005 1572 1309 1650 contingit
1371 1569 1535 1631 illum
1602 1569 1909 1630 contemni
1954 1573 2207 1648 propter

598 1680 984 1744 insolentiam
1029 1678 1463 1740 subiectorum.
1554 1676 1845 1739 Severum
1878 1693 2032 1756 ergo
2065 1693 2206 1738 me-

601 1796 696 1852 tus
743 1788 996 1868 affligit,
1059 1792 1437 1848 mansuetum
1481 1785 1683 1846 vilitas
1740 1783 1915 1862 parvi
1969 1785 2201 1864 pendit.

593 1897 742 1960 Nam
804 1894 1132 1956 crudelitas
1194 1893 1353 1973 parit
1415 1891 1658 1969 odium,
1706 1896 1767 1953 et
1820 1891 2201 1956 familiaritas

590 2001 750 2083 parit
794 2006 1230 2081 contemptum.
1317 1998 1653 2062 Familiaris
1699 1999 1859 2061 enim
1906 2015 2053 2061 cura
2102 1999 2208 2063 fa-

515 2124 572 2172 15
595 2111 772 2193 tigat,
817 2116 878 2171 et
905 2109 1242 2171 domestica
1286 2106 1614 2170 solicitudo
1646 2108 1951 2170 molestat.
2000 2109 2207 2187 Opor-

594 2223 684 2280 tet
726 2217 888 2280 enim
947 2232 1082 2278 eum
1129 2232 1389 2293 semper.
1431 2232 1573 2277 esse
1620 2222 1934 2295 paratum,
1974 2216 2201 2297 ubique

593 2324 910 2403 munitum,
945 2330 1010 2386 ut
1030 2324 1228 2403 possit
1253 2322 1513 2385 insidias
1538 2322 1995 2407 malignantium
2016 2342 2205 2404 prae-

595 2450 861 2511 cavere,
934 2432 1410 2515 oppugnantium
1480 2432 1737 2497 iniurias
1800 2432 2196 2513 propulsare,

593 2534 806 2615 hostes
867 2542 1230 2615 conterere,
1278 2538 1448 2600 cives
1506 2539 1686 2599 tueri.
1790 2539 1919 2601 Nec
1974 2536 2199 2600 sufficit

511 2664 570 2711 zo
596 2646 716 2709 diei
761 2645 992 2709 malitia
1024 2664 1173 2718 sua,
1217 2647 1329 2709 sed
1375 2646 1507 2710 dies
1560 2647 1683 2719 diei
1727 2646 2003 2710 laborem
2048 2664 2199 2709 eru-

736 2782 792 2847 a)
829 2776 996 2828 Eccli.
1041 2778 1126 2842 13,
1165 2777 1252 2830 23.

581 2984 586 2989 .
735 2938 789 2991 4.
830 2937 1007 2988 dolore
1045 2937 1367 3007 compellitur
1402 2943 1454 2987 ct
1497 2949 1647 2987 nemo
1694 2953 1811 2988 cum
1846 2936 2027 2989 dolore
2066 2953 2193 3005 per-

591 3012 810 3063 mittitur
847 3008 914 3058 Μ.
1061 3008 1114 3061 6.
1153 3013 1234 3079 ut]
1275 3024 1373 3059 mc
1408 3008 1647 3076 (euperp.
1686 3012 1767 3073 tu)
1804 3015 1854 3059 ct
1890 3008 1957 3057 Μ.
2007 3008 2076 3059 sit
2102 3008 2195 3061 tiu

595 3084 723 3135 CaV.
838 3080 888 3131 7.
925 3079 1105 3129 aliena
1137 3081 1313 3132 vivore
1343 3078 1549 3146 pracda
1584 3080 1649 3129 Μ.
1727 3079 1781 3130 8.
1816 3078 2071 3130 Dominus
2092 3079 2189 3134 MJ.

592 3152 646 3211 9.
684 3156 880 3220 oportet
911 3148 1058 3201 illum
1083 3150 1181 3202 Μ).
1332 3153 1415 3201 11.
1452 3148 1769 3200 subditorum
1806 3150 1871 3200 Μ.
2020 3152 2105 3201 12.
2143 3158 2194 3203 ct

575 3229 910 3277 ‚mansuetum
946 3221 1012 3271 Μ.
1203 3220 1285 3271 13.
1328 3220 1485 3289 Nam]
1526 3219 1661 3271 Num
1700 3218 1751 3271 J.
1936 3220 2021 3273 16.
2054 3222 2193 3274 cuim

593 3309 698 3347 om.
720 3293 788 3344 Μ.
833 3293 970 3361 cum]
1009 3292 1265 3343 hominm
1302 3288 1398 3342 Μ).
1550 3292 1633 3343 17.
1668 3289 2067 3357 ωαῐίςυιωαὲυιη
2100 3292 2191 3343 ἰσι-

589 3365 752 3419 :idias
773 3363 854 3437 Μ.
