2507 4119
687 455 763 510 48
1207 467 1521 506 tuocum-11
1558 469 1633 505 rr.
1678 469 1769 506 m.

1322 589 1467 642 cAt’.
1504 589 1669 642 xxn.

1089 712 1174 764 De
1211 711 1360 764 bueus·
1398 711 1609 764 laetitia
1648 711 1896 764 loomim&

860 853 1009 928 Quis
1035 871 1301 934 unquam
1347 853 1445 915 vel
1472 853 1715 916 unicum
1752 851 1911 915 diem
1942 858 2129 915 totum
2173 854 2293 917 du-

690 962 782 1026 xit
824 963 889 1025 in
951 981 1062 1026 sua
1123 961 1534 1026 delectatione
1581 963 1945 1042 iucundum,
1996 980 2176 1044 quem
2220 961 2284 1024 in

691 1067 894 1148 aliqua
937 1073 1110 1147 parte
1153 1066 1279 1130 diei
1316 1074 1524 1132 reatus
1561 1069 2000 1147 conscientiae,
2036 1069 2135 1131 vel
2164 1068 2286 1132 im-

689 1185 865 1261 petus
923 1177 1094 1253 irae,
1152 1176 1252 1238 vel
1314 1184 1515 1242 motus
1561 1179 2100 1258 concupiscentiae
2160 1196 2286 1242 non

631 1310 661 1355 5
687 1287 1072 1351 turbaverit?
1156 1288 1348 1363 Quem
1404 1269 1881 1352 livor‘invidiae
1941 1288 2041 1352 vel
2100 1291 2287 1353 ardor

688 1397 1022 1477 avaritiae,
1069 1397 1167 1460 vel
1210 1405 1413 1462 tumor
1457 1397 1783 1478 superbiae
1840 1415 1967 1459 non
2018 1415 2292 1461 vexave-

683 1509 810 1585 rit,
859 1524 1039 1587 quem
1100 1504 1303 1586 aliqua
1363 1506 1635 1585 iactura,
1700 1505 1800 1568 vel
1858 1504 2094 1568 offensa
2122 1551 2143 1584 ,
2192 1506 2291 1569 vel

681 1616 920 1698 passio,
957 1633 1083 1678 non
1131 1616 1555 1696 commoverit,
1600 1634 1776 1697 quem
1805 1613 2069 1696 denique
2098 1615 2287 1693 visus,

683 1723 787 1787 vel
838 1722 1102 1798 audituS,
1149 1722 1249 1787 vel
1293 1729 1465 1786 actus
1510 1724 1727 1804 aliquis
1756 1741 1885 1786 non
1910 1721 2286 1786 offenderit?

605 1857 664 1902 ιο
693 1833 854 1897 Rara
885 1832 1016 1896 avis
1050 1833 1321 1896 interris
1351 1834 1655 1916 nigroque
1680 1831 1984 1895 simillima
2016 1845 2283 1914 cygno.⁸

687 1940 854 2004 Audi
882 1960 1068 2021 super
1097 1941 1221 2004 hoc
1253 1941 1621 2004 sententiam
1646 1939 1980 2020 Sapientis:
2024 1940 2081 2002 A
2106 1957 2283 2002 mane

680 2069 880 2132 usque
909 2051 986 2115 ad
1034 2069 1357 2131 vesperam
1381 2048 1790 2126 immutabitur
1824 2051 2113 2130 tempus.b
2162 2049 2284 2112 Co-

686 2157 1021 2240 gitationes
1065 2176 1268 2221 vanae
1300 2158 1418 2220 sibi
1457 2158 1818 2236 succedunt,
1864 2164 1927 2219 et
1956 2174 2133 2219 mens
2177 2176 2283 2221 ra-

681 2265 846 2347 pitur
891 2268 953 2329 in
1001 2267 1266 2331 diversa.
1327 2268 1560 2329 Tenent
1594 2273 1945 2349 tympanum
1976 2271 2038 2327 et
2082 2265 2283 2328 citha-

601 2392 657 2437 15
683 2391 852 2450 ram,
897 2380 957 2438 et
1014 2377 1287 2457 gaudent
1324 2376 1401 2440 ad
1447 2378 1711 2439 sonitum
1753 2377 2011 2460 organi,
2058 2373 2283 2438 ducunt

681 2482 746 2544 in
791 2483 970 2545 bonis
1019 2482 1153 2547 dies
1197 2502 1385 2565 suOS,
1435 2490 1495 2548 et
1545 2487 1607 2547 in
1653 2491 1878 2566 puncto
1924 2484 2002 2547 ad
2046 2484 2291 2549 inferna

680 2592 1086 2656 descendunt.

827 2728 883 2790 a)
922 2722 1166 2776 Juvenal.
1187 2724 1273 2775 v1.
1300 2724 1418 2777 165.
1566 2726 1622 2797 b)
1644 2726 1813 2781 Eccli.
1858 2726 1943 2791 18,
1982 2728 2071 2783 26.

831 2872 1128 2943 [inscript]
1164 2872 1389 2925 hominis
1424 2886 1524 2925 om.
1553 2876 1706 2929 MCJ.
1876 2877 1923 2925 1.
1959 2874 2043 2926 vel
2076 2875 2288 2926 unicum

682 2956 786 2994 om.
828 2942 915 2993 CJ.
955 2946 1166 2994 unicam
1200 2946 1335 2997 diem
1384 2953 1541 2997 totam
1579 2948 1654 2997 M.
1801 2946 1853 2999 2.
1889 2944 2173 2997 iucundam
2210 2946 2286 2997 M.

681 3014 736 3064 4.
775 3021 939 3063 motus
979 3028 1080 3065 om.
1121 3018 1196 3067 M.
1345 3018 1394 3069 5.
1431 3017 1662 3068 invidiae
1699 3023 1790 3067 aut
1827 3016 1900 3067 Μ.
2020 3015 2106 3068 *8.
2151 3016 2290 3067 vinus

683 3090 736 3134 et
771 3084 976 3135 auditus
1005 3087 1078 3136 Μ.
1192 3090 1275 3141 12.
1314 3088 1596 3140 mutabitur
1628 3088 1679 3139 J.
1797 3087 1878 3139 13.
1917 3102 2092 3138 vanae
2132 3090 2292 3156 (forte

681 3155 868 3207 variae
902 3156 968 3206 ad
1005 3170 1168 3223 marg.
1204 3159 1355 3229 add.)
1396 3156 1509 3210 cta.
1660 3158 1744 3210 16.
1785 3160 2049 3225 infernum
2084 3157 2133 3210 J.
