2507 4119
694 463 764 498 mi
801 462 955 501 conr.
993 461 1187 501 nuum.
1228 465 1340 502 mn.
1374 465 1413 502 ι.
1784 451 1866 506 29

361 597 470 667 [μ’
890 585 1036 640 cAP.
1077 586 1217 640 xln.

345 670 355 678 -
420 691 427 700 ’
465 679 590 754 ῥέῃ
718 707 804 758 De
841 708 1016 760 studio
1061 709 1384 775 sapientum.

415 841 879 906 Perscrutentur
921 845 1271 924 sapientes,
1316 845 1690 928 investigent
1735 846 1858 911 alta

252 949 440 1028 coeli,
487 949 606 1014 lata
647 956 870 1030 terrae,
920 952 1222 1032 profunda
1251 954 1459 1030 maris,
1507 959 1567 1016 et
1606 953 1685 1016 de
1722 953 1865 1016 sin-

252 1059 422 1142 gulis
466 1057 805 1139 disputent,
855 1059 933 1121 de
989 1061 1223 1122 cunctis
1276 1066 1687 1140 pertractent,
1756 1060 1863 1123 di-

249 1173 431 1231 scant
471 1185 717 1248 semper
758 1173 860 1230 aut
916 1165 1199 1231 doceant.
1290 1169 1365 1231 Et
1408 1167 1553 1247 quid
1607 1188 1687 1234 ex
1740 1169 1861 1234 hac

247 1275 662 1357 occupatione
704 1277 824 1339 nisi
874 1276 1146 1340 laborem
1193 1283 1253 1338 et
1285 1276 1564 1341 dolorem
1600 1285 1663 1342 et
1689 1277 1917 1350 asili-s

243 1387 521 1448 ctionem
562 1386 809 1468 spiritus
842 1386 1204 1450 invement?
1288 1387 1559 1450 Noverat
1590 1386 1712 1449 hoc
1738 1406 1862 1450 ex-

243 1495 590 1575 perimento
656 1495 757 1575 qui
811 1493 1083 1557 dixerat:
1162 1493 1321 1558 Dedi
1376 1512 1489 1557 cor
1544 1512 1745 1557 meum
1790 1501 1860 1557 ut

245 1603 480 1666 scirem
522 1603 907 1682 prudentiam
953 1608 1134 1684 atque
1179 1602 1560 1682 doctrinam,
1606 1620 1859 1681 errores

241 1716 312 1774 et
355 1710 704 1787 stultitiam,
761 1717 823 1773 et
871 1711 1100 1792 agnovi
1143 1708 1308 1791 quod
1350 1716 1519 1774 esset
1573 1710 1752 1775 labor
1796 1719 1861 1775 et

245 1817 509 1883 afflictio
553 1819 838 1901 spirituS,
880 1837 955 1882 eo
989 1819 1166 1900 quod
1224 1819 1288 1880 in
1331 1819 1515 1882 multa
1558 1821 1859 1900 sapientia
1885 1834 1949 1882 to

251 1928 441 1991 multa
487 1928 569 1992 sit
622 1926 1004 2012 indignatio,
1048 1933 1109 1990 et
1151 1929 1253 2009 qui
1302 1926 1472 1991 addit
1512 1929 1859 2012 scientiam,

249 2034 430 2101 addit
472 2033 804 2100 dolorem·
888 2035 1060 2100 Licet
1115 2037 1276 2101 enim
1337 2043 1618 2118 oporteat
1676 2037 1862 2103 inda-

247 2152 502 2230 gantem
551 2152 611 2209 et
655 2147 855 2210 multis
915 2146 1207 2211 insudare
1245 2146 1474 2229 vigiliis
1520 2152 1581 2209 et
1623 2148 1863 2233 invigi-

246 2254 382 2317 lare
423 2254 740 2316 laboribus
805 2259 866 2316 et
927 2254 1298 2333 sudoribus,
1349 2256 1453 2319 vix
1503 2260 1707 2318 tamen
1765 2260 1863 2318 est

244 2364 575 2446 quicquam
621 2368 738 2425 tam
785 2361 940 2440 vile,
985 2361 1094 2425 vix
1136 2367 1230 2424 est
1272 2367 1393 2451 tam
1433 2359 1655 2439 facile,
1694 2359 1862 2441 quod
1886 2375 1949 2423 ¹5

243 2470 327 2537 ad
368 2472 613 2553 plenum
667 2470 972 2551 intelligat
1019 2468 1204 2531 homo
1251 2467 1859 2549 comprehendatque

248 2580 333 2645 ad
374 2580 708 2661 liquidum,
755 2578 875 2640 nisi
922 2578 1130 2641 forsan
1184 2576 1331 2639 illud
1374 2577 1652 2657 perfecte
1689 2575 1867 2638 scia-

252 2693 376 2765 tur,
422 2685 586 2768 quod
633 2685 782 2747 nihil
824 2683 1017 2745 scitur
1063 2682 1364 2764 perfecte,
1407 2698 1749 2763 quanquam
1782 2697 1865 2743 ex

253 2796 380 2860 hoc
424 2792 768 2858 insolubilis
807 2791 1166 2873 redargutio
1192 2794 1622 2871 consequatur.
1664 2787 1868 2865 Quin-

401 2927 462 2990 a)
505 2918 686 2971 Ecclc.
731 2920 778 2983 1,
821 2916 1048 2969 17-18.

401 3071 449 3119 1.
489 3075 538 3119 ct
571 3065 878 3133 investigent
921 3063 987 3115 M.
1167 3063 1218 3114 2.
1262 3068 1311 3112 ct
1350 3074 1452 3112 om.
1494 3059 1654 3112 cavJ.

249 3138 307 3190 3.
345 3139 648 3204 discantque
673 3136 721 3188 J.
870 3135 920 3185 7.
962 3134 1093 3185 dixti
1127 3133 1177 3184 J.
1326 3133 1414 3183 12.
1454 3139 1503 3183 ct
1544 3131 1773 3182 dolorem
1792 3130 1865 3181 Ι.

260 3212 344 3263 13.
388 3219 438 3262 οε
475 3208 667 3277 mauis]
693 3206 865 3258 multis
903 3205 1000 3257 MJ-
1161 3202 1247 3254 14.
1288 3201 1550 3254 laboribus
1586 3210 1635 3253 ct
1674 3202 1863 3253 onnu-

260 3283 344 3335 15.
381 3288 459 3333 cst
491 3295 596 3331 om.
632 3279 680 3330 J.
832 3276 914 3329 16.
952 3276 1103 3327 homo
1139 3288 1244 3325 om.
1280 3274 1376 3325 m.
1427 3271 1865 3341 comprehendat-

255 3354 374 3421 que]
414 3349 814 3421 comprehendat
852 3348 918 3399 Μ.
1071 3346 1156 3398 18.
1190 3346 1424 3415 perfecte
1463 3346 1627 3397 scitur
1662 3343 1731 3396 Μ.
