2507 4119
936 475 1006 512 mi
1045 475 1331 512 currum.
1842 459 1941 514 16⁵

334 596 507 660 landi
542 599 787 662 veniam
815 600 1026 664 subire
1062 618 1187 663 non
1223 601 1438 682 possit.
1502 600 1637 664 Hoc
1659 607 1753 664 est
1780 601 1943 666 enim

331 711 653 785 peccatum
699 706 762 768 in
805 707 1081 788 spiritum
1125 713 1443 787 sanctum,
1488 707 1611 770 hoc
1654 714 1750 772 est
1786 725 1946 788 pec-

339 819 540 876 catum
575 813 656 876 ad
699 822 993 897 mortem,
1037 815 1114 879 de
1171 833 1293 898 quo
1351 811 1621 880 'Ioannes
1675 817 1789 880 ait:
1834 815 1945 879 Est

332 926 654 1002 peccatum
702 921 782 984 ad
827 929 1118 1001 mortem,
1163 941 1289 986 non
1334 923 1477 986 dico
1534 941 1647 1005 pro
1708 939 1821 1002 eo,
1879 929 1947 986 ut

336 1031 474 1111 quis
513 1037 700 1093 oret·
759 1032 1224 1113 Impoenitentia
1270 1038 1471 1096 autem
1518 1051 1599 1096 ex
1644 1032 1945 1112 despera·
1966 1052 1997 1098 5

339 1141 509 1202 tione
553 1140 862 1220 nascitur,
909 1147 1013 1204 aut
1058 1160 1138 1204 ex
1178 1141 1675 1223 praesumptione
1720 1140 1942 1218 oritur3

341 1253 402 1311 et
447 1255 734 1329 quantum
776 1249 840 1311 in
880 1250 1011 1331 ipsa
1052 1255 1185 1330 est,
1231 1256 1336 1312 aut
1385 1250 1649 1334 derogat
1692 1249 1793 1312 dei
1844 1249 1947 1311 iu-

342 1359 583 1437 stitiae,
633 1364 736 1420 aut
777 1359 1042 1422 detrahit
1073 1359 1175 1422 dei
1220 1358 1710 1422 misericordiae.
1770 1357 1949 1422 Felix

339 1486 496 1550 ergo
540 1470 1028 1548 perseverantia,
1067 1487 1224 1550 quae
1268 1468 1789 1548 impoenitentiam
1808 1457 1947 1529 ’ex-

339 1576 564 1655 cludit,
625 1573 1103 1639 obstinationem
1183 1575 1475 1657 expellit,
1536 1581 1945 1656 contemptum
1972 1591 2031 1638 10

343 1683 653 1762 eliminat,
697 1683 1166 1746 obdurationem
1211 1691 1541 1768 expugnat.

1027 1923 1171 1976 CAP.
1206 1923 1275 1976 11.

969 2047 1054 2099 De
1088 2046 1333 2098 car-itate.

509 2184 791 2247 Caritatis
855 2190 1056 2246 autem
1129 2182 1477 2246 encomium
1544 2184 1607 2243 in
1666 2180 1787 2244 fine
1841 2179 1943 2241 hic

338 2291 783 2369 subnecturuS‚
846 2293 1104 2373 primum
1165 2310 1300 2354 eam
1356 2309 1437 2353 ex
1495 2289 1695 2353 sacris
1748 2287 1942 2351 literis

339 2401 608 2479 probare
651 2407 712 2463 et
755 2398 1190 2463 commendare
1234 2416 1464 2480 operae
1494 2398 1757 2479 pretium
1802 2396 1946 2460 exi-

335 2508 540 2570 stimo.
641 2508 793 2571 Sunt
852 2514 1050 2571 autem
1105 2508 1223 2570 hae
1288 2509 1729 2579 auctoritates,
1784 2522 1943 2586 quae
1969 2523 2027 2572 15

335 2614 596 2679 formam
651 2616 1010 2698 praeferunt
1067 2615 1373 2678 caritatis:
1451 2614 1689 2697 Diliges
1737 2611 1946 2675 domi-
2034 2671 2041 2679 .

333 2740 477 2785 num
523 2722 702 2787 deum
752 2730 914 2786 tuum
975 2743 1056 2787 ex
1111 2730 1237 2786 toto
1290 2721 1483 2786 corde
1544 2729 1696 2801 tuo,
1746 2727 1809 2782 et
1862 2738 1945 2783 ex

479 2860 534 2927 a)
577 2858 616 2909 1.
633 2856 784 2954 Joan'.
828 2858 880 2921 5,
925 2858 1009 2911 16.

477 3021 531 3069 4.
570 3019 644 3069 ad
676 3028 919 3078 mortem,
956 3035 1064 3070 non
1106 3019 1248 3090 dico]
1288 3019 1361 3069 ad
1396 3026 1642 3081 mortem,
1691 3016 1762 3067 ad
1794 3030 1941 3065 mor-

335 3100 436 3142 tem
455 3103 564 3140 non
587 3092 702 3141 dico
723 3091 789 3142 Μ.
878 3089 928 3141 7.
951 3100 998 3142 et
1016 3092 1074 3141 in
1095 3100 1340 3157 quantum
1364 3089 1423 3139 in
1441 3091 1560 3157 ipsa
1581 3089 1646 3139 Μ.
1728 3088 1810 3138 12.
1830 3086 1941 3139 Ca-

331 3162 510 3212 ritatis
532 3171 954 3230 autem...operae
988 3164 1210 3230 pretium
1243 3162 1475 3212 existimo
1514 3174 1617 3210 om.
1642 3164 1696 3209 et
1729 3158 1943 3208 inchoat

338 3233 479 3283 hunc
516 3239 794 3283 tractatum
839 3233 1017 3283 verbis
1063 3234 1174 3283 his:
1235 3231 1354 3283 Hae
1409 3239 1531 3282 sunt
1580 3230 1938 3293 auctoritates,

337 3318 510 3371 quae.
535 3338 550 3353 .
579 3339 594 3354 .
635 3305 699 3358 M.
805 3303 886 3356 16.
926 3300 1101 3372 Dilige
1138 3303 1204 3356 M.
1296 3303 1381 3355 17.
1419 3311 1469 3354 et
1504 3318 1571 3353 ea:
1610 3308 1720 3353 tota
1758 3300 1941 3351 anima

337 3383 430 3426 tua
465 3390 570 3426 om.
591 3374 658 3428 ΙΙ.
903 3379 908 3384 ”
