2507 4119
649 457 726 512 98
1176 472 1489 510 inuocxnru
1528 474 1610 510 τι».
1652 473 1739 511 m.

649 597 717 658 in
763 597 1088 659 universas
1125 596 1323 659 tribus
1348 596 1537 662 lsrael
1583 597 1895 660 dicentes:
1940 599 2157 662 Statim
2196 606 2273 662 ut

651 703 975 768 audieritis
1017 705 1347 787 clangores
1376 707 1699 783 buccinae,
1744 706 1962 772 dieite:
2004 709 2263 791 Regna-

647 813 740 875 vit
781 812 1060 876 Absalon
1105 813 1170 875 in
1204 815 1439 892 Ebron,
1484 814 1731 878 etfacta
1774 821 1871 878 est
1908 816 2263 880 coniuratio

649 920 880 998 valida,
929 926 990 983 et
1029 921 1286 1002 populus
1324 939 1712 985 concurrens
1754 924 2098 1006 augebatur
2122 941 2263 986 cum

593 1051 626 1096 s
653 1029 1024 1093 Absalone.⁸

1270 1229 1414 1281 CAP.
1455 1227 1639 1280 xxtx.

897 1354 986 1404 De
1019 1351 1168 1404 bmm'
1207 1357 1263 1402 et
1294 1351 1497 1402 miem
1532 1350 1648 1402 vita
1680 1357 2019 1418 maynatum.

825 1489 946 1552 Sed
993 1495 1127 1552 esto
1171 1487 1338 1569 quod
1384 1487 1740 1551 sublimetur
1774 1489 1836 1551 in
1866 1489 2071 1568 altum,
2108 1509 2268 1572 pro-

650 1597 911 1661 vehatur
953 1599 1029 1660 ad
1093 1615 1434 1675 summum,
1502 1598 1704 1660 statim
1765 1615 1953 1661 curae
2001 1617 2269 1664 succre-

647 1713 864 1781 scunt,
907 1706 1329 1769 solicitudines
1378 1706 1790 1785 cumulantur,
1849 1708 2269 1772 extunduntur

645 1815 911 1894 ieiunia,
955 1813 1206 1899 vigiliae
1248 1813 1705 1895 producuntur,
1752 1832 1832 1878 ex
1874 1817 2097 1894 quibus
2137 1835 2263 1880 na-

565 1940 623 1987 10
649 1931 781 1986 tura
849 1924 1285 2004 corrumpitur,
1334 1923 1585 2003 spiritus
1641 1923 1997 1986 infirmatur.
2089 1925 2259 1988 Cor-

645 2034 944 2115 rumpitur
983 2050 1259 2110 somnus,
1306 2032 1596 2095 amittitur
1641 2033 1979 2115 appetituS‚
2024 2033 2261 2097 debili-

647 2148 807 2203 tatur
847 2143 1063 2220 virtus,
1113 2146 1461 2204 attenuatur
1504 2160 1749 2223 corpuS,
1795 2148 1858 2205 et
1901 2144 1993 2206 sio
2039 2146 2101 2205 iu
2144 2160 2259 2205 se-

569 2244 576 2251 ’
645 2248 782 2328 ipso
829 2248 1122 2311 deficiens
1185 2266 1309 2311 non
1368 2248 1642 2311 dimidiat
1689 2251 1823 2313 dies
1880 2268 2070 2330 suoS,
2138 2252 2257 2315 sed

644 2356 1054 2421 miserabilem
1097 2356 1285 2419 vitam
1337 2356 1770 2420 miserabiliori
1814 2358 1935 2420 fine
1987 2360 2259 2421 conclu-

565 2478 620 2523 15
646 2464 752 2526 dit.
840 2464 1064 2525 Verum
1109 2469 1206 2524 est
1245 2460 1391 2526 illud
1423 2463 1761 2543 poeticum:
1807 2463 1877 2526 In
1920 2482 1991 2527 se
2028 2482 2257 2547 magna

641 2578 857 2651 ruunt,
928 2572 1298 2651 summisque
1371 2580 1661 2657 negatum
1730 2579 1824 2635 est
1883 2580 2050 2635 stare
2122 2574 2251 2653 diu,

639 2678 934 2743 tolluntur
975 2680 1038 2740 in
1101 2676 1319 2756 altum,
1361 2684 1427 2739 ut
1472 2677 1645 2757 lapsu
1694 2679 1986 2761 graviore
2044 2685 2249 2741 ruant.

641 2790 860 2851 Verius
898 2793 1095 2850 autem
1137 2787 1301 2849 istud
1339 2786 1797 2879 propheticum:
1832 2786 1973 2849 Vidi
1997 2788 2253 2870 impium

783 2928 838 2991 a)
875 2922 942 2973 11.
963 2922 1096 2987 Reg.
1125 2923 1208 2986 15,
1235 2921 1429 2973 1-13.

779 3077 837 3129 4.
877 3086 926 3127 σε
951 3090 1052 3126 om.
1073 3076 1138 3125 Μ.
1187 3076 1479 3144 αηςοὸαεηο·
1494 3072 1613 3126 eas.
1726 3076 1777 3126 5.
1802 3090 1916 3125 cum
1937 3076 2164 3128 Absolon
2180 3076 2255 3127 Μ.

644 3149 942 3221 [inscript]
995 3147 1143 3210 Quod
1185 3146 1354 3198 brevis
1404 3152 1479 3197 ost
1526 3147 1636 3197 vita
1682 3154 1732 3196 et
1778 3148 1971 3197 misera
2022 3163 2251 3215 mayna-

639 3232 750 3273 mm
785 3221 851 3271 Μ.
999 3219 1050 3270 6.
1089 3218 1246 3285 quod]
1278 3226 1334 3269 ut
1369 3218 1435 3269 Μ.
1582 3218 1635 3268 8.
1660 3218 2007 3269 extenduntur
2044 3218 2245 3272 Μῶν).

641 3294 724 3345 12.
765 3308 952 3359 cor-pm
987 3296 1291 3341 attenuatur
1330 3291 1395 3341 Μ.
1509 3290 1593 3342 18.
1628 3287 1809 3341 Verius
1844 3297 1918 3342 ut
1953 3296 2125 3340 autem
2144 3288 2240 3341 m.

630 3365 790 3435 istud]
829 3362 960 3415 illud
995 3361 1128 3415 Μὴ.
