2507 4119
964 473 1034 510 nn
1073 471 1354 510 mmmm.
1862 461 1963 513 171

352 594 615 674 proximi
637 595 918 675 procedit
946 596 1121 676 quasi
1145 594 1396 676 spiritus
1414 599 1663 657 sanctus
1688 595 1764 656 ab
1786 600 1966 656 utro-

347 720 488 783 que.
562 702 723 766 lstae
765 704 1134 766 dilectiones
1183 710 1326 767 sunt
1362 704 1425 765 in
1452 721 1576 766 una
1620 703 1961 765 substantia

348 810 661 888 caritatis,
717 811 829 874 sed
877 811 1165 875 diversae
1207 811 1273 873 in
1308 810 1559 891 propria
1602 828 1894 891 persona.

493 919 678 994 ‘Cave
725 936 901 1000 erge,
946 936 983 981 o
1035 920 1259 998 homo,
1306 920 1359 981 si
1406 918 1799 981 dilectionem
1840 937 1953 981 se-

346 1026 499 1087 ctari
543 1026 720 1106 veliS‚
763 1045 843 1090 ne
883 1029 1099 1091 umbra
1147 1027 1497 1090 dilectionis
1542 1026 1797 1089 fallaris.
1843 1029 2005 1088 Ests

345 1133 506 1196 enim
550 1134 798 1198 dilectio
847 1137 1169 1214 fortunae,
1223 1154 1384 1215 quae
1442 1153 1582 1198 cum
1627 1135 1953 1216 prosperi-

341 1246 464 1304 tate
513 1241 760 1304 advenit
824 1248 884 1304 et
947 1245 1012 1305 in
1060 1243 1433 1306 adversitate
1474 1242 1733 1305 recedit.
1821 1242 1951 1306 Hac

343 1348 524 1412 deum
560 1349 762 1431 diligit
804 1351 990 1414 homo
1027 1349 1314 1429 carnaliS,
1361 1351 1465 1431 qui
1508 1351 1688 1412 deum
1732 1349 1942 1415 laudat

341 1456 567 1536 solum,
617 1476 752 1520 cum
801 1458 1187 1522 benefecerit
1230 1458 1311 1520 ei.
1380 1457 1489 1521 Est
1535 1457 1783 1521 dilectio
1835 1478 1953 1522 na-

337 1570 535 1643 turae,
578 1582 695 1645 qua
733 1572 1009 1628 naturam
1062 1583 1233 1628 suam
1283 1565 1586 1647 deumque
1638 1567 1946 1629 sensuali·
1978 1589 2035 1636 10

338 1677 434 1735 ter
480 1673 700 1756 diligit.
799 1674 910 1736 Est
954 1674 1203 1736 dilectio
1267 1676 1544 1755 gratiae,
1601 1691 1759 1754 quae
1814 1674 1950 1738 sola

334 1780 546 1859 habet,
586 1781 752 1861 quod
780 1781 960 1843 deum
994 1782 1219 1864 diligit,
1266 1788 1331 1843 ut
1373 1784 1437 1843 in
1462 1782 1799 1862 praemium
1827 1782 1949 1845 ha-

258 1942 262 1947 ,
333 1889 574 1952 beatur.
679 1890 878 1952 Prima
945 1897 1042 1954 est
1101 1890 1440 1969 deficienS,
1508 1891 1781 1953 secunda
1840 1891 1945 1953 fa-

334 1998 550 2075 ciem,
590 1999 770 2062 tertia
812 1999 1163 2080 perficiens.
1249 1999 1449 2063 Prima
1497 2005 1592 2062 est
1645 1999 1942 2079 caritatiS,

329 2107 607 2170 secunda
651 2108 1106 2187 sensualitatis,
1153 2108 1332 2172 tertia
1371 2108 1654 2171 rationis.
1741 2108 1939 2171 Prima
1966 2125 2024 2173 15

323 2215 649 2293 falsitatiS‚
695 2216 968 2279 secunda
1015 2216 1260 2280 humilis
1322 2216 1710 2297 peccatoriS‚
1758 2216 1939 2279 tertia

325 2323 634 2385 iustificati
680 2302 986 2385 hominis(
1056 2324 1108 2387 0
1138 2324 1347 2402 hamc,
1382 2323 1709 2386 considera
1758 2341 1937 2404 quam

327 2431 524 2493 dulcis
571 2436 665 2493 est
709 2448 884 2493 amor
927 2430 1054 2505 dei,
1100 2449 1281 2511 quam
1324 2432 1596 2511 impurus
1640 2432 1722 2493 sit
1761 2449 1937 2493 amor

324 2538 506 2601 huius
550 2538 802 2601 saeculi.
890 2540 1086 2601 Amor
1128 2538 1230 2600 dei
1273 2536 1467 2601 muter
1524 2543 1620 2601 est
1662 2538 1932 2601 omnium

323 2648 649 2722 virtutum,
722 2664 895 2708 amor
953 2645 1189 2709 saeculi
1260 2652 1453 2708 mater
1510 2651 1605 2707 est
1663 2646 2013 2711 omniumzo

323 2755 628 2817 vitiorum.
729 2754 906 2835 Apud
971 2754 1152 2816 istum
1223 2771 1498 2816 amorem
1566 2754 1929 2834 imperfecta

319 2869 462 2926 sunt
497 2864 725 2941 omnia,
771 2862 930 2943 apud
974 2861 1141 2924 illum
1185 2861 1463 2941 perfecta
1505 2866 1645 2924 sunt
1681 2867 1923 2923 cuncta.

459 2996 513 3048 3.
552 2999 608 3048 in
646 3012 750 3049 om.
775 2996 841 3047 M.
990 2996 1040 3046 7.
1080 2996 1140 3045 in
1173 3010 1276 3046 om.
1301 2994 1366 3046 Μ.
1510 2996 1565 3047 8.
1608 2996 1757 3047 deum
1797 2994 1924 3045 dili-
2044 3019 2057 3031 κ

315 3075 409 3137 yut
448 3069 514 3120 Μ.
623 3068 673 3121 9.
714 3068 878 3119 solum
918 3081 1023 3117 om.
1049 3067 1115 3117 M.
1200 3068 1284 3117 10.
1308 3077 1411 3133 qu'a
1446 3076 1695 3117 naturam
1718 3082 1922 3117 ...sen-

313 3138 536 3195 maliem·
570 3137 757 3207 diliyit]
785 3154 887 3204 qua
923 3137 1133 3204 quilibet
1168 3138 1351 3188 vitiose
1388 3137 1558 3206 diliqit
1598 3139 1762 3197 deum,
1782 3136 1919 3187 unde

316 3211 656 3277 defatiyatur.
731 3209 908 3261 Alitur
943 3224 1087 3259 mens
1124 3208 1239 3271 deo,
1277 3224 1435 3274 usque
1452 3212 1679 3279 (rasura)
1708 3208 1922 3258 divitiae

306 3291 560 3351 potantur
596 3281 842 3349 (fortasse
870 3279 1044 3331 voluit
1074 3288 1345 3347 potamur)
1383 3278 1449 3331 Μ.
1530 3280 1612 3331 14.
1634 3287 1709 3330 est
1730 3278 1918 3329 om.M.

319 3353 405 3405 16.
430 3353 704 3422 falsitatis]
743 3352 1038 3404 vitiositatis
1067 3351 1132 3400 m.
