2507 4119
686 483 756 518 nn
793 481 1174 520 consuunt.
1215 481 1325 519 mn.
1366 484 1405 520 1.
1782 460 1857 520 53

243 625 573 688 vesperum
617 607 860 670 lavetur
900 625 1079 688 aqua,
1129 611 1353 687 etpost
1379 605 1529 670 solis
1562 595 1856 669 occasum

241 717 640 802 regrediatur
681 717 745 779 in
786 724 1041 780 castras*

862 917 1010 972 GAP.
1049 917 1238 970 xxvl.

628 1039 714 1090 De
751 1037 1134 1103 compassione
1166 1036 1487 1088 amicorum.

427 1173 479 1237 Ο
527 1179 752 1252 quanto
800 1173 1018 1235 dolore
1061 1173 1407 1250 turbamur,
1457 1177 1680 1252 quanto
1726 1177 1865 1233 tre-

253 1297 432 1342 more
477 1281 878 1358 concutimur,
927 1298 1060 1342 cum
1092 1281 1428 1342 amicorum
1460 1280 1675 1342 damna
1708 1297 1865 1342 sen-

252 1388 438 1449 timus
480 1393 540 1449 et
578 1393 894 1467 parentum
935 1387 1207 1468 pericula
1249 1387 1675 1450 formidamus!
1724 1387 1859 1449 Plus
1884 1399 1921 1445 5

251 1493 558 1557 interdum
604 1512 792 1557 sanus
850 1495 914 1557 in
962 1495 1327 1567 formidine,
1372 1513 1547 1576 quam
1590 1493 1865 1558 infirmus

250 1602 647 1686 aegritudine
691 1603 1095 1682 perturbatur.
1183 1602 1319 1687 Plus
1355 1603 1456 1664 hic
1484 1601 1865 1665 voluntarius

249 1707 484 1774 affectu
531 1708 788 1785 doloris,
830 1727 1006 1790 quam
1041 1709 1292 1771 intuitus
1337 1708 1561 1771 effectu
1599 1708 1869 1794 languo-

251 1819 346 1881 ris
392 1818 703 1902 affligitur.
767 1818 990 1882 Verum
1035 1824 1130 1882 est
1172 1818 1321 1882 illud
1361 1823 1701 1900 poeticum:
1742 1821 1869 1882 Res

253 1933 356 1990 est
397 1927 623 1991 soliciti
679 1926 860 2006 plena
925 1927 1163 1990 timoris
1211 1930 1437 1990 amor.¹²
1525 1927 1709 1992 Cuius
1748 1939 1954 2008 pe-to

259 2041 396 2098 ctus
440 2041 561 2098 tam
623 2035 924 2114 ferreum,
979 2037 1152 2099 cuius
1199 2053 1312 2100 cor
1372 2044 1493 2100 tam
1536 2035 1868 2117 lapideum,

252 2150 324 2207 ut
362 2145 625 2226 gemitus
671 2162 794 2207 non
841 2144 1157 2225 exprimat,
1200 2145 1549 2228 lachrymas
1593 2162 1718 2207 nou
1765 2146 1869 2209 ef-

253 2252 510 2332 fundat,
556 2272 692 2315 cum
755 2252 1017 2333 proximi
1067 2254 1164 2316 vel
1204 2254 1387 2317 amici
1444 2254 1721 2316 morbum
1766 2254 1869 2316 vel

253 2364 567 2426 interitum
610 2364 900 2441 intuetur,
947 2368 1013 2424 ut
1053 2363 1311 2443 patienti
1355 2381 1479 2425 non
1524 2364 1870 2443 compatia-

249 2478 389 2549 tur,
459 2477 520 2533 et
579 2470 813 2533 dolenti
879 2490 1003 2533 non
1070 2470 1445 2534 condoleat?
1514 2471 1649 2551 lpse
1695 2472 1955 2535 lesusu

253 2598 442 2661 quum
500 2579 757 2641 vidisset
803 2580 1056 2642 Mariam
1118 2586 1178 2641 et
1230 2581 1528 2658 Iudaeos,
1574 2580 1677 2659 qui
1732 2598 1871 2642 cum

265 2705 344 2749 ea
387 2691 686 2748 venerant
731 2686 809 2748 ad
853 2694 1347 2762 monumentum,
1385 2687 1721 2768 plorantes,
1766 2686 1877 2747 in-

263 2796 514 2857 fremuit
555 2795 806 2875 spiritu,
851 2795 1116 2858 turbavit
1168 2797 1601 2876 semetipsum,
1663 2800 1723 2855 et
1774 2794 1878 2857 la-

409 2946 466 3001 n)
506 2936 667 2989 Deut.
706 2936 794 2998 23,
823 2937 1050 2989 10-11,
1197 2936 1255 3004 b)
1291 2936 1442 2989 ovid.
1484 2936 1695 2989 Heroid.
1719 2938 1873 2990 1.12.

411 3102 459 3150 1.
498 3116 766 3167 vesperam
789 3102 864 3151 M.
1026 3100 1323 3170 [Inscript.]
1360 3094 1872 3151 amicos-amomcl.

259 3172 318 3222 5.
361 3173 436 3239 et]
479 3206 494 3232 ,
519 3186 634 3221 cum
673 3174 744 3222 M.
891 3171 941 3223 6.
980 3172 1039 3221 in
1073 3186 1173 3221 om.
1214 3170 1412 3225 MleJ.
1549 3170 1601 3221 9.
1635 3171 1877 3221 νοητή

263 3242 326 3292 G.
385 3242 514 3291 Vere
553 3250 627 3292 est
663 3244 800 3293 enim
829 3240 875 3293 J.
1044 3244 1123 3293 13.
1163 3250 1377 3293 mortem
1413 3240 1495 3291 vel
1528 3242 1759 3291 morbum
1792 3238 1879 3291 ccl

265 3312 535 3362 interitum
574 3314 646 3363 M.
769 3314 851 3362 14.
876 3312 1163 3380 interitum]
1189 3322 1401 3363 mortem
1426 3313 1488 3362 A.
1652 3312 1733 3363 15.
1776 3310 1875 3361 do-

267 3381 489 3433 lentibus
529 3382 601 3433 M.
753 3384 834 3436 16.
873 3386 1053 3451 quique
1091 3382 1170 3433 cl.
1324 3384 1405 3435 18.
1451 3389 1499 3432 et
1535 3382 1759 3434 turbavit
1781 3381 1877 3434 CJ.
