2507 4119
615 496 620 501 .
677 468 748 504 nn
785 466 938 504 cour.
976 467 1168 505 uuam.
1209 467 1322 504 nin.
1358 468 1419 505 ιι.
1778 451 1849 504 97

237 587 306 650 in
348 587 702 664 Absalone‚
749 591 854 671 qui
907 609 1044 652 cum
1085 589 1390 670 aspiraret
1436 587 1515 650 ad
1562 605 1849 672 regnum,

240 697 392 761 fecit
435 697 557 760 sibi
597 716 814 762 currus
857 703 920 761 et
963 699 1245 778 equiteS,
1308 705 1369 761 et
1412 699 1480 762 L.
1524 686 1695 762 viros
1742 701 1849 780 qui

239 799 698 882 praecederent
743 820 908 888 eum,
951 809 1015 865 et
1054 821 1236 866 mane
1284 821 1670 885 consurgens
1711 805 1849 867 Ab·

238 908 422 975 salon
465 909 664 972 stabat
694 911 864 974 iuxta
893 910 1208 975 introitum
1232 918 1473 993 portae,
1505 919 1566 976 et
1600 930 1845 976 omnem

237 1019 628 1100 virum,.qui
688 1021 953 1084 habebat
994 1022 1309 1103 negotium
1368 1028 1435 1084 ut
1483 1022 1723 1085 veniret
1772 1024 1905 1084 ads

239 1131 420 1213 regis
471 1128 802 1208 iudicium,
850 1129 1116 1191 vocabat
1161 1128 1240 1191 ad
1300 1148 1404 1207 se,
1468 1135 1527 1192 et
1573 1130 1851 1193 dicebat:

236 1237 336 1300 De
371 1255 488 1316 qua
524 1238 772 1300 civitate
805 1255 874 1298 es
913 1237 1021 1298 tu?
1064 1236 1180 1310 Qui
1213 1237 1569 1316 respondit:
1614 1237 1707 1300 Ex
1730 1257 1851 1302 una

241 1345 413 1408 tribu
451 1344 644 1408 lsrael
689 1361 810 1426 ego
866 1362 1000 1408 sum
1044 1362 1263 1407 servus
1308 1350 1465 1407 tuus,
1566 1347 1855 1426 Respon-

241 1453 432 1516 debat
477 1454 536 1516 ei
586 1453 902 1517 Absalon:
965 1453 1266 1515 Videntur
1324 1451 1471 1516 mihi
1530 1471 1853 1517 sermones

238 1561 334 1622 tui
379 1560 525 1624 iusti
569 1567 630 1623 et
670 1561 843 1639 boni,
885 1560 999 1624 sed
1041 1579 1168 1624 non
1207 1567 1327 1640 est,
1372 1561 1475 1642 qui
1515 1567 1577 1622 te
1622 1561 1851 1642 audiat,
1880 1581 1936 1625 ιο

243 1671 615 1734 constitutus
649 1690 684 1734 a
729 1689 902 1754 rege.
993 1671 1255 1733 Dicebat
1280 1676 1340 1733 et
1368 1671 1677 1753 Absalon:
1703 1672 1855 1747 Quis

239 1797 349 1842 me
397 1780 726 1842 constituat
785 1780 1050 1843 iudicem
1107 1797 1292 1860 super
1348 1785 1613 1858 terram,
1663 1786 1733 1841 ut
1775 1779 1856 1842 ad

239 1905 349 1949 me
393 1887 642 1950 veniant
687 1903 939 1965 omneS,
986 1887 1085 1966 qui
1131 1887 1360 1949 habent
1401 1889 1748 1968 negotium,
1796 1894 1858 1950 et

239 1994 408 2057 iuste
448 1993 766 2056 iudicem?
852 1994 976 2056 Sed
1025 2013 1159 2056 cum
1207 1994 1541 2056 accederet
1588 1995 1665 2057 ad
1718 2013 1852 2056 eum

240 2104 458 2165 homo
483 2102 726 2183 quidam
786 2109 846 2166 et
903 2103 1201 2167 salutaret
1245 2120 1424 2181 eum,
1488 2104 1857 2167 extendebat
1882 2120 1939 2165 ιι

246 2230 500 2275 manum
562 2230 772 2285 suam,
841 2218 901 2273 et
965 2210 1435 2293 apprehendens
1478 2230 1617 2275 eum
1666 2229 1856 2276 oscu-

242 2317 525 2397 labatur,
591 2317 978 2398 faciebatque
1037 2317 1194 2380 haec
1257 2318 1423 2380 omni
1481 2317 1705 2396 Israel,
1751 2318 1853 2399 qui

243 2426 586 2488 veniebant
629 2427 706 2488 ad
753 2425 1072 2505 iudicium,
1115 2430 1183 2487 ut
1225 2426 1584 2488 audirentur
1616 2445 1651 2487 a
1677 2443 1851 2509 rege,

245 2540 314 2596 et
356 2534 704 2596 solicitabat
749 2533 940 2596 corda
984 2535 1253 2597 virorum
1288 2533 1499 2597 lsrael.
1586 2534 1855 2614 Cumque

243 2642 486 2706 abisset
529 2642 804 2705 Absalon
848 2643 913 2705 in
955 2642 1187 2721 Ebron,
1220 2643 1385 2705 misit
1431 2639 1855 2721 exploratores
1880 2657 1937 2704 20

399 2859 445 2903 1.
485 2853 745 2904 Absoloae
795 2854 982 2920 (etiam
1031 2853 1084 2903 in
1129 2852 1474 2919 sequentibus
1513 2849 1649 2901 locis
1682 2850 1855 2901 Abno-

239 2925 364 2990 lon)
403 2922 499 2975 Μ.1.
679 2924 732 2975 6.
783 2924 1032 2974 iudicium
1080 2924 1220 2991 reyis
1260 2923 1325 2973 Μ.
1506 2920 1562 2973 8.
1611 2920 1855 2989 Respon-

242 2996 496 3061 debatque
537 2994 603 3045 M.
835 2995 917 3046 10.
958 2994 1079 3044 boni
1121 3003 1170 3044 et
1205 2994 1328 3045 iusti
1364 2993 1429 3043 M.
1477 2992 1659 3043 audiat
1696 3001 1745 3043 te
1784 2990 1852 3042 Μ.

243 3070 333 3120 11.
385 3070 456 3135 et]
503 3081 698 3133 quoque
736 3066 812 3130 Μ,
861 3062 1181 3133 Dicebatque
1219 3064 1267 3116 J.
1457 3064 1539 3114 ¹4.
1590 3064 1743 3133 iuste]
1786 3064 1857 3113 ad

237 3140 434 3189 iustam
475 3136 604 3185 Cav.
649 3136 754 3187 sed
790 3145 838 3188 et
877 3153 992 3187 cum
1030 3136 1097 3187 Μ.
1267 3137 1351 3186 15.
1390 3136 1599 3201 quidam
1636 3147 1740 3187 om.
1786 3134 1851 3185 Μ.

245 3210 334 3263 16.
379 3217 428 3259 et
465 3207 860 3275 apprehendens
898 3207 1232 3259 osculabatur
1269 3223 1385 3258 eam
1419 3208 1487 3257 Μ.
1638 3207 1722 3257 18.
1761 3222 1857 3257 ve-

239 3281 423 3331 niebat
461 3278 525 3329 Μ.
599 3279 848 3331 iudicium
879 3279 944 3329 ad
980 3294 1144 3347 marg.
1188 3292 1313 3345 pon.
1353 3278 1419 3329 Μ.
1476 3275 1749 3328 audiretur
1787 3276 1853 3327 Μ.

243 3352 338 3403 20.
379 3349 610 3402 Absolon
647 3350 857 3402 abiisset
891 3350 957 3401 Μ.

1519 3442 1553 3493 5
