2507 4119
726 456 796 492 mr
833 454 986 493 conr.
1024 454 1216 496 unum.
1258 461 1368 499 mn.
1395 460 1436 496 1.
1799 445 1871 501 25

265 579 502 660 spirant
542 579 906 644 suavitatem
949 579 1186 661 odoriS,
1231 588 1295 645 et
1330 588 1397 646 tu
1440 580 1520 646 de
1560 587 1623 646 te
1662 581 1873 646 reddis

269 686 792 750 abominationem
837 687 1118 753 foetoris.
1207 689 1417 764 Qualis
1461 695 1557 753 est
1572 698 1737 774 'ergo
1768 709 1877 754 ar-

267 795 422 868 bor,
467 793 604 856 talis
651 800 748 858 est
788 795 1045 860 fructus.
1131 799 1270 862 Non
1319 800 1483 861 enim
1522 804 1725 879 potest
1768 817 1877 861 ar·-

267 903 393 966 bor
449 901 608 964 mala
665 903 902 966 fruetus
961 905 1160 968 bonos
1207 906 1473 970 face-re.⁸²
1538 941 1543 946 -
1582 904 1759 979 Quid·
1784 911 1881 968 est

275 1011 441 1076 enim
483 1011 667 1073 homo
712 1013 1049 1076 secundum
1093 1013 1375 1092 formam,
1419 1015 1541 1077 nisi
1583 1015 1881 1096 quaedam
1906 1025 1933 1068 5

275 1118 466 1182 arbor
525 1117 824 1182 inversa?
891 1118 1064 1182 cuius
1126 1120 1377 1183 radices
1437 1126 1579 1184 sunt
1643 1121 1881 1200 critice,

277 1234 532 1290 truncus
577 1231 670 1288 est
718 1232 898 1306 caput
943 1245 1078 1289 cum
1137 1227 1339 1307 collo,
1386 1229 1575 1309 stipes
1636 1234 1730 1292 est
1768 1247 1887 1310 pe-

279 1344 414 1401 ctus
445 1354 582 1399 cum
624 1336 787 1414 alvo,
826 1337 982 1398 rami
1029 1344 1169 1400 sunt
1201 1325 1311 1401 ‘ilia
1336 1355 1470 1400 cum
1494 1337 1683 1418 tibiis,
1710 1340 1888 1401 fron-

279 1445 396 1508 des
439 1449 581 1507 sunt
618 1445 793 1526 digiti
841 1461 976 1506 cum
1001 1445 1293 1508 articulis.
1362 1444 1497 1508 Hoc
1540 1451 1635 1509 est
1673 1446 1886 1509 folium

279 1553 450 1634 quod
497 1572 532 1615 a
573 1558 758 1616 vento
801 1553 1056 1634 rapitur,
1103 1559 1164 1615 et
1207 1553 1425 1635 stipula
1474 1572 1631 1635 quae
1675 1573 1711 1618 a
1752 1555 1887 1620 sole
1914 1569 1969 1614 to

275 1663 602 1726 siccatur-,b
1065 1677 1068 1682 ·

951 1841 1095 1896 CAP.
1137 1841 1200 1894 X.

276 1950 367 2002 De
397 1947 750 1998 incommodis
784 1948 1070 2000 senectutis
1097 1953 1147 1998 et
1180 1946 1435 1998 muctare
1455 1947 1601 1999 vitae
1635 1948 1885 2002 hominis.

451 2084 518 2145 ln
565 2083 900 2163 primordio
947 2083 1318 2147 conditionis
1377 2084 1680 2147 humanae
1724 2103 1885 2147 non-

279 2190 552 2276 ingentis
596 2190 772 2253 annis
815 2196 876 2254 et
921 2190 1175 2271 amplius
1213 2190 1495 2253 homines
1528 2190 1763 2253 vixisse
1790 2190 1889 2254 le·-

283 2306 567 2385 guntur,⁰
613 2299 725 2363 sed
772 2298 1056 2380 paulatim
1096 2299 1220 2360 vita
1249 2298 1512 2360 hominis
1539 2297 1889 2361 declinante

284 2408 446 2471 dixit
487 2408 768 2470 dominus
817 2405 892 2470 ad
938 2405 1104 2470 Noe:
1154 2407 1290 2469 Non
1336 2403 1717 2486 permanebit
1761 2407 1971 2487 spi-1⁸

283 2518 442 2581 ritus
492 2534 662 2579 meus
707 2516 771 2577 in
815 2515 1063 2578 homine
1098 2515 1160 2577 in
1202 2520 1552 2594 aeternum,
1598 2516 1739 2595 quia
1779 2502 1892 2580 ca-

287 2642 366 2688 ro
413 2628 541 2702 est,
601 2628 902 2702 eruntque
958 2621 1092 2684 dies
1149 2620 1312 2683 illius
1377 2627 1619 2684 centum
1670 2623 1894 2704 viginti

289 2837 328 2889 5
390 2770 496 2888 ὃ.)
535 2764 714 2815 nauh.
755 2762 1051 2829 7,17·-18.
1197 2761 1257 2829 h)
1285 2760 1403 2812 Job.
1427 2762 1510 2828 13,
1529 2763 1617 2814 25.
1695 2763 1893 2834 omen.

331 2876 348 2901 ,
461 2852 578 2903 sqq·

285 2948 694 2959 ———.-—.---.—-

435 3000 488 3049 2.
533 3015 654 3066 erqo
693 3012 797 3049 om.
835 2996 925 3048 CJ.
1110 2995 1162 3045 3.
1199 3009 1309 3044 non
1338 2994 1495 3045 'enim
1547 2994 1708 3045 arbor
1751 2995 1897 3047 mala

288 3074 494 3139 fructus
531 3071 687 3121 bonos
719 3072 900 3136 [acere
932 3074 1098 3137 potest
1123 3066 1187 3116 Μ.
1334 3066 1385 3115 4.
1408 3064 1542 3129 Quid
1580 3068 1717 3116 enim
1740 3069 1892 3118 esim.

291 3144 346 3195 6.
367 3140 528 3192 arbor
565 3156 746 3191 eversa
765 3140 897 3190 mel.
1016 3140 1067 3189 7.
1093 3146 1307 3189 truncus
1332 3145 1405 3187 cst
1442 3144 1595 3201 caput
1624 3152 1740 3187 cum
1761 3136 1895 3188 collo

293 3212 511 3268 om.Ga.
553 3212 698 3262 cuius
733 3210 888 3277 stipes
925 3208 1070 3260 civJ.
1257 3207 1309 3259 8.
1346 3207 1473 3257 iliae
1506 3207 1589 3268 M,
1610 3206 1770 3258 ulnae
1798 3207 1889 3260 GJ.

299 3284 588 3353 [inscript]
611 3282 834 3332 horninis
871 3296 972 3333 om.
1003 3279 1091 3331 CJ.
1144 3279 1226 3331 De
1264 3278 1512 3329 brevitate
1547 3278 1687 3328 vitae
1722 3278 1893 3329 homi..

297 3356 383 3405 nis
399 3354 462 3408 M.
523 3354 606 3407 12.
621 3352 894 3421 nongentis
907 3351 1002 3403 MJ.
1085 3350 1167 3403 17.
1191 3357 1395 3402 centum
1407 3348 1592 3417 viqimi
1608 3348 1828 3418 quinque
1840 3348 1889 3403 J.

1563 3443 1599 3496 2
