2507 4119
880 501 948 537 ns
986 499 1447 539 rnasnvssmuru.
1696 505 1700 510 ·
1866 482 1969 537 163

357 625 468 686 tibi
516 625 742 687 bonum
786 624 1106 710 inchoare,
1153 631 1214 688 et
1260 614 1387 687 non
1432 625 1595 688 bono
1639 625 1761 688 fine
1808 643 1971 687 con-

357 731 658 798 cludere?
759 733 990 796 Bonum
1053 734 1216 796 enim
1276 735 1516 797 virtutis
1580 751 1707 796 non
1768 733 1962 796 soium

355 844 622 922 amittis,
672 843 784 905 sed
835 848 894 903 et
939 842 1224 906 damnum
1264 843 1569 923 incurriS,
1622 849 1684 906 et
1717 845 1960 924 suppli-

357 951 518 1013 cium
564 953 962 1032 promereris,
1048 951 1263 1015 Melius
1322 959 1416 1015 est
1456 953 1620 1015 viam
1682 952 1963 1015 veritatis

350 1077 481 1122 non
522 1077 892 1142 agnoscere,
927 1076 1106 1141 quam
1151 1066 1291 1141 post
1325 1061 1597 1144 agnitam
1628 1060 1959 1122 retroire.⁸
1988 1063 2021 1111 ὅ

353 1167 500 1230 Post
538 1169 701 1232 hanc
757 1170 1232 1230 inconstantiam
1293 1169 1475 1232 homo
1526 1167 1795 1232 levitatis
1855 1188 1967 1232 ar-

309 1273 590 1360 'gum-is,
642 1278 1014 1359 apostasiam
1059 1279 1347 1358 incurris,
1392 1278 1611 1340 mentis
1657 1277 1964 1341 stabilita-

355 1391 480 1449 tem
522 1387 861 1468 postponis,
950 1385 1002 1448 0
1049 1387 1260 1464 homo,
1306 1403 1417 1466 per
1444 1385 1965 1466 perseverantiam

352 1497 715 1560 brevitatem
759 1497 921 1558 vitae
960 1495 1250 1573 redimis,
1296 1493 1522 1556 nullum
1580 1477 1817 1573 tempus
1861 1489 1965 1554 in-

355 1622 600 1668 cassum
642 1605 905 1667 transire
945 1595 1295 1684 permittis(
1352 1601 1741 1682 compositae
1782 1619 1964 1663 men·
1988 1609 2048 1658 ιο

354 1715 434 1775 tis
475 1718 569 1774 est
613 1729 802 1794 posse
849 1711 1196 1774 consistere
1233 1711 1298 1772 in
1340 1710 1532 1790 bono,
1576 1715 1638 1772 et
1682 1709 1744 1771 in
1793 1710 1961 1772 bono
2011 1738 2013 1742 v

355 1823 608 1886 morari.
695 1821 791 1884 Nil
851 1826 972 1883 tam
1017 1820 1165 1884 utile
1207 1825 1337 1899 est,
1380 1825 1461 1881 ‘ut
1517 1819 1744 1880 bonum
1806 1833 1962 1897 opus

351 1933 520 1995 hono
564 1932 687 1994 fine
731 1930 1125 1994 concludere.
1211 1927 1701 1991 Perseverantia·
1727 1927 1956 1988 bonum

346 2040 636 2123 producit
666 2047 943 2103 tenerum
964 2039 1026 2101 in
1054 2037 1479 2114 maturitatem,
1499 2035 1779 2118 perducit
1806 2051 1965 2116 pro-

348 2156 528 2213 vecta
570 2134 1031 2231 perseverantia
1064 2150 1125 2209 in
1159 2148 1585 2211 maturitatem.
1648 2146 1954 2208 Perseve-
1984 2154 2041 2204 ¹⁵

345 2260 546 2322 rentia
602 2276 725 2321 non
791 2259 1031 2339 quaerit
1097 2258 1360 2321 animum
1433 2254 1778 2337 puerilem,
1834 2253 1950 2316 sed

341 2366 654 2446 adultum,
700 2374 974 2429 maturo-s
1017 2366 1256 2446 quaerit
1301 2382 1542 2442 mores,
1576 2369 1639 2427 et
1680 2380 1809 2425 non
1850 2368 1954 2425 te-

343 2494 534 2539 neros
581 2481 642 2537 et
679 2476 971 2538 inermeS.

491 2602 545 2669 a)
584 2599 654 2651 11.
672 2596 808 2648 retr.
852 2602 904 2662 2,
943 2560 1031 2649 21¹.

499 2768 544 2815 1.
583 2763 740 2834 bono]
783 2771 924 2813 recto
945 2762 1010 2813 Μ.
1157 2762 1208 2811 2.
1251 2761 1391 2811 enim
1424 2774 1528 2809 om.
1557 2760 1621 2811 Μ.
1659 2775 1767 2810 non
1788 2760 1951 2813 solum

345 2847 452 2884 om.
471 2834 540 2887 Μ.
662 2836 714 2886 3.
751 2834 841 2885 sed
875 2848 979 2883 om.
1007 2830 1074 2883 Μ.
1185 2828 1237 2881 4.
1279 2839 1354 2881 est
1391 2846 1495 2881 om.
1522 2832 1587 2881 Μ.
1708 2832 1790 2883 10.
1815 2848 1949 2899 per.

341 2907 519 2957 mittis.
596 2906 783 2957 Omnes
829 2904 1059 2954 homines
1093 2908 1150 2952 ut
1193 2904 1253 2951 in
1286 2903 1517 2953 crastino
1556 2902 1775 2953 minoris
1809 2918 1945 2970 pen-

342 2976 469 3027 deas
502 2985 558 3027 ut
595 2994 710 3027 cum
746 2976 996 3027 hodierno
1032 2989 1244 3023 manum
1287 2980 1685 3039 perseveranter
1718 2973 1943 3025 vineias.

342 3047 668 3113 compositae
705 3048 984 3097 mentis...
1021 3044 1083 3095 M.
1270 3048 1351 3093 11.
1394 3046 1673 3095 consistere
1708 3044 1839 3095 bono
1874 3044 1938 3095 Μ.

345 3120 430 3171 12.
456 3118 546 3170 Nil
579 3127 684 3169 tam
717 3118 937 3169 utile...
959 3114 1292 3182 concludere]
1334 3116 1426 3167 Nit
1461 3123 1566 3164 tam
1594 3110 1721 3166 utile
1755 3122 1847 3177 est,
1885 3122 1943 3165 ut

341 3191 568 3240 transitu
599 3190 759 3257 possit
793 3187 1035 3255 prodesse
1073 3186 1139 3236 Μ.
1296 3186 1377 3236 13.
1417 3185 1816 3237 Perseverantia
1846 3186 1945 3237 bo..

253 3276 256 3281 ·
339 3276 464 3311 num
486 3298 498 3310 .
519 3296 531 3308 .
557 3296 570 3309 .
593 3262 652 3310 in
675 3260 1048 3325 aenaturitatem]
1091 3256 1488 3309 Perseverantt'a
1522 3256 1709 3307 bonum
1739 3257 1945 3325 produ.

342 3332 414 3381 cit
447 3340 699 3394 tenerum,
734 3332 792 3381 in
831 3331 1180 3380 maturitatem
1200 3327 1440 3395 perducit
1474 3336 1723 3394 provecta
1754 3344 1941 3395 perse-

337 3404 584 3454 verantia
621 3410 670 3453 et
716 3411 926 3453 matura
966 3400 1033 3451 Μ.
1185 3402 1269 3453 15.
1314 3397 1712 3450 Perseverantia
1746 3398 1939 3450 oimfl.
