2507 4119
644 451 683 504 2

643 582 724 666 ud
753 584 826 648 R.
849 583 923 645 D.
946 582 1010 645 T.
1029 603 1049 660 3
1092 602 1307 648 verum
1333 604 1469 650 cum
1508 588 1789 669 ignorem
1834 589 2119 669 quidnam
2160 592 2249 654 li-

641 715 910 774 terarum
956 728 1226 775 mearum
1276 711 1355 774 ad
1389 714 1462 778 R.
1490 712 1562 775 D.
1582 713 1648 776 T.
1693 716 2047 794 pervenerit
2088 716 2249 780 intra

643 835 1121 917 quinquennium
1167 837 1366 917 (unde
1412 837 1699 918 suspicor
1742 838 1973 920 aliquot
2012 840 2251 921 episto-

637 959 734 1026 las
776 962 1150 1043 interceptas
1194 961 1512 1042 periisse),
1560 961 1815 1026 decrevi
1852 953 2095 1027 tandem
2134 981 2254 1045 pu-
2340 971 2350 978 ‘

586 1084 867 1156 ablicum
909 1103 1210 1166 quaerere
1248 1086 1706 1166 internuntium,
1753 1104 2011 1168 eumque
2048 1104 2253 1169 neque

643 1212 847 1274 levem
889 1228 1091 1291 neque
1123 1185 1638 1292 contemptibilem
1669 1212 2107 1292 blacteronem,
2138 1214 2251 1278 sed

644 1336 808 1417 pium
837 1334 1258 1416 eruditumque
1284 1335 1633 1416 pontificem
1666 1336 2086 1400 Innocentium
2122 1343 2257 1400 ter-

645 1459 832 1537 tium,
871 1477 912 1522 a
955 1459 1191 1522 cunctis
1238 1463 1361 1520 tum
1402 1457 1753 1537 historicis,
1806 1465 1927 1522 tum
1974 1459 2257 1522 chrono-

638 1584 906 1669 graphis
948 1583 1170 1648 eximie
1211 1583 1545 1662 laudatum,
1590 1589 1773 1664 atquc
1804 1584 1985 1648 etiam
2013 1585 2258 1665 publica

567 1710 714 1780 min
756 1709 1170 1772 decretalibus
1215 1707 1491 1790 epistolis
1529 1708 1681 1772 iuris
1722 1709 2007 1772 canonici
2038 1716 2263 1772 aucto-

647 1833 830 1904 ritate
869 1833 1226 1915 probatum,
1271 1839 1338 1895 ut
1388 1833 1442 1896 is
1488 1852 1662 1897 meae
1711 1851 1861 1917 erga
1903 1836 1975 1900 R.
1996 1836 2070 1897 D.
2090 1834 2157 1898 T.
2196 1841 2261 1898 ct

650 1956 998 2046 dilectionis
1061 1964 1122 2020 et
1182 1960 1571 2021 reverentiae
1611 1959 1785 2021 testis
1830 1959 1895 2020 in
1949 1959 2256 2039 publicum

642 2081 850 2148 editus
893 2084 1135 2147 existat.
1207 2084 1401 2164 Spero
1447 2084 1531 2146 ita
1576 2084 1737 2147 hunc
1778 2083 1966 2166 longe
2005 2089 2065 2147 et
2104 2103 2259 2168 gra-

649 2211 874 2275 tiorem
909 2210 1020 2272 tibi
1061 2216 1124 2273 et
1165 2209 1242 2272 ab
1283 2210 1761 2289 interceptorum
1788 2210 2029 2273 insidiis
2067 2213 2260 2274 tutio-

573 2362 630 2409 15
653 2352 787 2400 rem
831 2336 991 2411 fore,
1025 2313 1483 2415 quam'fuerint
1512 2339 1615 2397 aut
1658 2352 1802 2398 esse
1846 2341 2071 2415 queant
2117 2335 2263 2398 lite-

635 2474 766 2526 ‘rne
829 2461 1142 2542 privatae3
1187 2458 1267 2522 nd
1314 2458 1497 2522 multa
1542 2426 1787 2541 quoque
1832 2459 2040 2523 utilem
2099 2462 2263 2524 mul-

653 2585 758 2662 tis,
792 2599 947 2665 quos
989 2582 1177 2645 modo
1221 2581 1290 2645 in
1332 2582 1661 2662 reproBum
1702 2599 1949 2645 sensum
1991 2600 2117 2645 non
2146 2582 2265 2645 de-

629 2709 820 2775 —dcrit
861 2708 1054 2788 dem,
1103 2712 1206 2770 aut
1264 2723 1418 2786 quos
1472 2724 1599 2769 non
1650 2707 2084 2769 excaecaverit
2141 2724 2262 2769 nec

651 2833 1043 2901 &ieiunaverit
1088 2831 1338 2913 propria
1381 2830 1687 2911 iniquitas.
1776 2831 2025 2894 Cunctis
2074 2830 2261 2909 enim,

575 2977 816 3045 aequos
857 2960 961 3024 vel
997 2959 1287 3023 natalium
1318 2956 1610 3039 splendor
1635 2956 1895 3037 extollit,
1929 2956 2029 3021 vel
2051 2956 2267 3018 scien·

655 3086 746 3151 tiu
789 3084 1000 3163 inflat,
1043 3089 1148 3148 aut
1194 3100 1403 3145 rerum
1445 3098 1777 3145 successus
1826 3082 1890 3145 in
1938 3080 2267 3145 elationem

637 3208 937 3293 ›aunigiu
979 3206 1334 3271 humilitatis
1384 3211 1713 3287 praecepta
1760 3222 1841 3268 ex
1882 3204 2081 3267 sacris
2124 3202 2270 3267 lite-

799 3370 888 3423 22.
909 3368 1165 3438 -wrffiq
1199 3366 1455 3435 “terme
1484 3366 1580 3418 cv.
