2507 4119
724 479 793 516 mi
829 475 982 516 conr.
1021 475 1212 516 nuum.
1251 477 1363 516 ιιι.
1389 479 1453 516 ιι.
1806 461 1877 516 91

269 603 446 667 Haec
491 601 712 664 multos
755 601 1112 666 vulneratos
1156 601 1410 679 deiecit,
1456 606 1517 664 et
1556 599 1878 666 fortissimi

271 713 504 792 quique
551 707 862 774 interfecti
909 719 1052 774 sunt
1093 713 1169 774 ab
1217 731 1315 789 ea,
1362 712 1503 774 viae
1545 709 1730 776 inferi
1760 710 1885 772 do·-

269 835 411 882 mus
454 819 625 898 eius,
671 825 1066 900 penetrantes
1123 820 1188 882 in
1243 819 1540 884 interiora
1600 819 1885 881 mortis.-

265 929 442 992 Haee
503 929 668 992 vires
727 935 1297 1008 enervat‚-sensus
1362 926 1670 1003 diminuit,
1740 927 1879 990 dies

263 1041 610 1121 consumit,
659 1057 812 1122 opes
859 1038 1136 1103 effundit.
1397 1107 1400 1109 ,
1904 1063 1934 1110 ⁸

897 1279 1045 1333 CAP.
1089 1279 1273 1332 xxlv.

673 1403 758 1455 De
798 1401 942 1454 coitu
975 1403 1168 1454 contr-a
1204 1405 1480 1452 naturum.

436 1539 609 1602 Haeo
650 1522 1129 1622 ignominiosam
1154 1537 1533 1620 morphosim
1562 1543 1873 1618 operatur,

263 1665 453 1730 quam
495 1653 698 1710 tamen
719 1647 1052 1728 Apostolus
1095 1664 1223 1710 non
1247 1645 1644 1709 confunditur
1671 1644 1881 1708 nomi-

261 1773 440 1821 nare.
536 1757 904 1836 Propterea,
967 1756 1198 1836 inquit,
1256 1753 1507 1819 tradidit
1564 1771 1675 1818 eos
1723 1754 1877 1816 deus

262 1867 335 1930 in
382 1865 704 1947 passiones
747 1865 1140 1948 ignominiae.
1209 1864 1364 1929 Nam
1407 1863 1715 1927 foeminae
1761 1879 1881 1945 eo-

263 1993 405 2039 rum
450 1976 978 2037 commutaverunt
1019 1971 1359 2038 naturalem
1400 1985 1576 2035 usum
1620 1972 1683 2034 in
1714 1988 1879 2050 eum,
1906 1985 1964 2034 to

260 2084 374 2167 qui
420 2089 515 2147 est
559 2090 776 2148 contra
819 2091 1113 2149 naturam.
1187 2083 1479 2149 Similiter
1504 2088 1565 2145 et
1591 2080 1871 2162 maseuli,

142 2231 147 2234 -
255 2194 486 2259 relicto
503 2194 761 2259 naturali
776 2212 892 2257 usu
909 2194 1237 2271 foeminae,
1249 2197 1615 2258 exarserunt
1629 2191 1693 2255 in
1712 2208 1877 2255 eon-

259 2302 662 2383 cupiseentiis
701 2302 832 2367 suis
865 2302 928 2365 in
968 2302 1259 2380 invicem,
1304 2300 1559 2367 masculi
1596 2302 1665 2363 in
1704 2318 1878 2365 mas-

260 2408 446 2473 culos
500 2408 938 2489 turpitudinem
981 2412 1365 2493 operantem
1454 2406 1617 2483 Quid
1671 2413 1877 2471 autem

261 2520 430 2585 hane
475 2520 906 2601 turpitudinem
947 2520 1345 2601 operantibus
1392 2520 1671 2602 turpius?
1717 2518 1876 2593 Quid
1904 2507 1979 2573 ts

260 2628 392 2693 hoo
441 2628 698 2691 erimine
739 2628 1181 2693 criminosius?
1236 2629 1305 2691 In
1340 2628 1481 2715 lege
1504 2629 1668 2693 enim
1696 2629 1871 2711 quasi

259 2735 440 2817 paria
507 2735 962 2819 coniunguntur
1038 2736 1403 2800 concubitus
1476 2738 1660 2801 maris
1726 2755 1902 2801 eum-

409 2896 464 2963 ιι)
507 2892 658 2945 Prov.
697 2892 749 2958 ⁷,
793 2892 1024 2946 26-27.
1171 2892 1230 2962 h)
1269 2894 1419 2945 Rom.
1460 2896 1511 2960 1,
1553 2894 1788 2947 26—27.

405 3094 457 3143 5.
497 3094 768 3162 consumit]
795 3092 1066 3158 confundit
1085 3093 1159 3143 M.
1306 3091 1355 3145 7.
1378 3101 1551 3144 tamen
1572 3108 1781 3159 superp.
1802 3092 1869 3145 Μ.

259 3180 375 3216 non
411 3177 514 3215 om.
555 3164 646 3215 GJ.
787 3163 836 3213 8.
878 3163 1008 3214 illot-
1027 3162 1133 3213 cu.
1286 3162 1369 3215 13.
1409 3165 1865 3234 concupiscentiis]

265 3234 539 3287 desideriis
561 3236 633 3285 Μ.
673 3235 732 3283 in
747 3234 990 3302 invicem}
1016 3235 1239 3285 invicem
1258 3234 1370 3297 Mo,
1386 3248 1487 3285 om.
1506 3235 1555 3288 .Ι.
1634 3234 1715 3286 14.
1736 3235 1875 3299 Quid

341 3306 540 3373 turpius
550 3304 603 3376 2]
626 3305 762 3370 Quid
777 3305 880 3357 Ιιαο
893 3306 1208 3373 turpitudine
1223 3308 1423 3375 turpius
1434 3304 1551 3359 ?M.
1631 3306 1714 3358 26.
1735 3308 1874 3358 enim

263 3391 373 3431 om·
415 3379 505 3429 Μ..
1181 3399 1190 3411 ⁸
