2507 4119
255 580 442 638 tatem
485 589 820 654 usurpare,
869 571 988 636 alia
1025 577 1353 652 ,praepetes
1409 572 1647 636 volatus
1671 618 1692 651 ,
1736 573 1861 639 alia

256 701 446 777 vireS‚
487 697 612 762 alia·
652 715 824 776 nare,
864 697 1170 760 hominem
1213 699 1377 762 scire
1400 698 1549 761 nihil
1574 699 1711 762 sine
1736 701 1862 762 do-

249 825 490 902 ctrina,
552 841 676 886 non
735 823 896 901 fari,
959 840 1086 886 non
1144 822 1431 906 ing-redi,
1476 841 1599 888 non
1642 825 1858 904 vesci,

253 949 529 1016 breviter
570 967 696 1012 non
743 948 906 1014 aliud
954 956 1169 1012 natura
1215 954 1435 1030 sponte
1480 967 1664 1030 quam:
1703 951 1859 1015 flere

257 1078 376 1137 etc.
393 1086 432 1117 ⁸·
495 1074 667 1136 Hanc
695 1073 960 1138 hominis
1006 1074 1315 1136 miseriam
1362 1072 1701 1136 luculenter
1740 1075 1859 1137 de·-
1884 1083 1915 1139 5

261 1196 455 1262 clarat
497 1196 890 1262 Innocentius
941 1203 1154 1262 noster
1195 1196 1617 1276 superaddens
1660 1198 1861 1278 pluri-

254 1339 395 1399 ma,
445 1339 600 1402 quae
637 1321 830 1384 Plinio
879 1328 939 1383 et
995 1321 1276 1384 omnibus
1332 1320 1597 1384 ethnicis
1641 1323 1859 1404 ignota

257 1445 524 1510 fuerunt.
613 1445 788 1528 Rogo
834 1445 1024 1530 igitur
1057 1451 1118 1508 et
1162 1411 1425 1510 obsecro
1454 1453 1537 1521 te,
1586 1447 1861 1511 ornatis-

257 1571 418 1650 sime
461 1569 750 1650 praesul,
797 1576 862 1632 ut
905 1586 1102 1650 aequo
1149 1570 1319 1632 feras
1362 1569 1566 1634 animo
1609 1576 1731 1632 tam
1774 1571 1860 1650 pii

259 1695 564 1778 pontilicis
621 1697 846 1758 monita
909 1694 1025 1756 sub
1094 1693 1361 1758 nominis
1420 1693 1506 1756 tui
1566 1693 1859 1775 auspiciis
1885 1711 1947 1758 ιο

258 1823 384 1886 hoc
429 1830 722 1902 tempore,
766 1821 830 1883 in
873 1837 994 1900 quo
1042 1838 1234 1902 usque
1273 1820 1430 1884 adeo
1474 1825 1535 1882 et
1576 1820 1862 1903 frigescit

257 1947 446 2010 timor
515 1946 614 2008 dei
682 1952 742 2007 et
805 1945 1128 2008 invalescit
1188 1945 1493 2008 mundana
1568 1944 1859 2025 superbia

259 2081 442 2156 atque
504 2072 855 2157 irreligiosa
913 2072 1307 2137 conversatio
1352 2074 1415 2133 in
1465 2072 1630 2134 omni
1664 2040 1851 2150 luxu,

255 2200 418 2263 fastu
462 2204 522 2261 et
561 2215 782 2279 pompa
821 2196 1108 2275 seculari,
1153 2197 1217 2258 in
1263 2197 1462 2261 lucem
1500 2196 1853 2278 reproduci.

256 2324 402 2387 Scio
452 2324 716 2404 quidem,
765 2327 970 2403 quanti
1010 2330 1072 2385 te
1118 2322 1350 2385 faciant
1390 2338 1539 2385 vere
1579 2322 1746 2385 docti
1794 2328 1855 2385 et
1880 2336 1937 2382 15

255 2450 474 2513 summi
521 2449 910 2511 scientiarum
955 2467 1028 2511 ac
1075 2448 1467 2529 eloquentiae
1526 2449 1855 2529 antistiteS,

257 2576 596 2639 clarissima
639 2576 833 2637 nostri
879 2572 1076 2637 seculi
1133 2572 1398 2652 lumina,
1444 2574 1705 2637 loannes
1748 2575 1856 2637 Fi-

251 2698 898 2779 scherus,2episcopus
941 2696 1250 2761 Roffensis
1293 2698 1355 2758 in
1384 2696 1629 2777 Anglia‚
1658 2696 1859 2759 Guili-

253 2821 447 2885 elmus
500 2822 780 2885 Budaeus
825 2824 887 2883 in
934 2821 1215 2900 Francia,
1259 2822 1549 2883 Erasmus
1583 2822 1855 2886 Rotero-

253 2942 468 3005 damus
516 2941 577 3002 in
618 2941 975 3020 Germania,
1017 2949 1084 3005 ut
1125 2943 1262 3004 iure
1302 2960 1377 3005 ac
1425 2943 1643 3005 merito
1692 2960 1854 3005 con-
1879 2954 1943 3001 20

395 3104 452 3169 a)
487 3098 619 3151 Plin.
660 3100 720 3151 n.
744 3100 808 3153 N.
840 3100 1019 3152 v11.1.

397 3293 478 3345 19.
521 3292 773 3344 Erasmus
786 3293 1162 3345 Roterodamus
1195 3296 1255 3347 iu
1283 3296 1590 3364 Germania]
1618 3310 1685 3346 ne
1723 3294 1851 3363 plu-

251 3379 336 3415 res
375 3365 796 3415 connumerando
833 3368 1066 3433 reseram
1103 3366 1197 3417 Cv.
