2507 4119
583 451 694 522 170
1102 478 1417 518 innocuum
1456 478 1539 517 rr.
1579 478 1668 514 ιιι.

589 604 814 685 tilicat,
859 603 1040 668 deum
1099 603 1499 667 demonstrat.
1585 602 1905 680 Animam,
1949 603 2012 663 in
2072 619 2197 681 qua

587 713 818 775 caritas
875 711 1144 788 habitat,
1198 712 1487 792 superbia
1530 729 1656 773 non
1704 711 1911 788 inflat,
1956 711 2190 774 invidia

583 839 712 884 non
759 820 1072 899 devastat,
1129 823 1220 884 ira
1285 839 1408 884 non
1465 827 1685 901 vexat,
1746 820 2005 884 avaritia
2062 837 2188 882 non

577 936 919 1008 excaecat,
966 931 1206 995 tristitia
1276 930 1431 994 mala
1498 947 1623 992 non
1688 929 1982 1010 dissipat,
2039 931 2185 1010 gula

511 1043 550 1088 ⁵
577 1055 703 1101 non
746 1039 1099 1117 inflammat,
1145 1038 1386 1102 luxuria
1430 1055 1555 1100 non
1590 1037 1962 1118 coinquinat.
2006 1039 2195 1102 Sem-

569 1166 682 1228 per
723 1149 948 1210 munda
1013 1155 1144 1226 est,
1194 1164 1441 1226 semper
1483 1147 1725 1229 quieta,
1767 1165 2012 1228 semper
2068 1167 2178 1213 ca-

564 1262 682 1334 sta,
733 1273 980 1336 semper
1019 1256 1218 1335 laeta,
1266 1274 1509 1336 semper
1569 1256 1870 1337 pacifica,
1932 1275 2180 1337 semper

561 1364 872 1445 benigna,
916 1382 1160 1445 semper
1204 1365 1505 1427 modesta.
1613 1366 1677 1426 ln
1742 1364 2025 1428 adversis
2065 1383 2176 1426 se-

560 1490 746 1548 cura,
809 1473 873 1534 in
938 1473 1255 1554 prosperis
1314 1489 1440 1534 non
1512 1472 1694 1536 elata.
1794 1472 1963 1534 Haec
2020 1489 2175 1534 crux

469 1591 535 1639 w
557 1583 893 1662 spiritualis
939 1587 1056 1656 est,
1105 1600 1283 1663 quam
1318 1581 1573 1662 quilibet
1615 1586 1864 1661 portare
1900 1586 2164 1660 tenetur,

551 1695 619 1752 ut
659 1687 930 1752 tollendo
977 1689 1138 1751 hano
1185 1707 1434 1751 erucem
1480 1687 1706 1750 Christi
1752 1687 2020 1770 vestigia
2052 1705 2161 1750 se-

553 1805 811 1880 quatur,
861 1799 1034 1862 cuius
1079 1798 1335 1862 altitudo
1382 1797 1641 1880 erigitur
1682 1797 1760 1859 ad
1805 1796 2023 1874 deum,
2068 1795 2166 1858 la-

554 1907 748 1970 titudo
797 1908 1146 1970 extenditur
1186 1925 1380 1988 usque
1424 1909 1501 1970 ad
1550 1907 1904 1984 inimicum,
1951 1905 2167 1986 longi-

548 2017 698 2079 tudo
763 2015 842 2081 ad
912 2018 1076 2080 vitae
1149 2016 1516 2092 terminum,
1576 2015 1709 2079 eius
1770 2013 2159 2097 profunditas

463 2132 520 2178 ¹⁵
553 2124 804 2187 divinae
847 2127 1005 2206 sapit
1046 2126 1341 2189 bonitatis
1382 2126 1765 2187 immensum.
1852 2124 2022 2186 Haeo
2063 2128 2160 2185 est

543 2235 807 2313 caritas,
857 2252 1013 2315 quae
1073 2222 1369 2316 pugnanti
1421 2240 1515 2297 est
1572 2234 1885 2312 meritum,
1931 2234 2155 2296 trium-

540 2342 754 2423 phanti
803 2344 1160 2423 praemium,
1205 2362 1364 2425 quae
1410 2344 1502 2407 sic
1547 2344 1880 2406 inchoatur
1920 2345 1981 2407 in
2024 2344 2154 2421 via,

542 2450 710 2531 quod
756 2456 1213 2513 consummatur
1239 2451 1305 2512 in
1346 2451 1564 2531 patria.
1632 2449 1802 2512 Haeo
1845 2456 1940 2513 est
1982 2450 2157 2533 ignis

537 2560 603 2623 in
643 2561 793 2622 Sion
851 2566 914 2623 et
970 2561 1244 2623 caminus
1290 2561 1351 2622 in
1397 2560 1835 2623 Hierusalem·
1908 2560 2155 2624 Caritas

447 2668 712 2749 ”quasi
771 2668 1102 2731 trinitatem
1164 2675 1432 2732 creatam
1496 2669 1695 2749 parit,
1742 2670 1805 2730 in
1870 2687 1988 2751 qua
2032 2670 2148 2730 tri-

533 2778 725 2839 nitate
759 2780 930 2857 quasi
958 2784 1132 2857 pater
1162 2783 1259 2839 est
1297 2775 1550 2839 dilectio
1574 2778 1699 2855 dei,
1744 2796 1780 2840 a
1825 2795 1946 2857 quo
1989 2794 2145 2857 pro-

533 2884 697 2946 cedit
737 2884 1028 2962 dilectio,
1075 2902 1192 2965 qua
1239 2904 1310 2948 se
1357 2884 1543 2946 homo
1592 2884 1793 2968 diligit
1850 2893 2141 2966 tanquam

524 2991 738 3073 proles
787 3013 821 3055 a
880 3000 1136 3073 parente
1151 3014 1170 3071 3
1229 2994 1308 3056 ab
1366 2999 1627 3073 utroque
1672 3010 1823 3055 vero
1886 2995 2142 3057 dilectio

667 3115 725 3177 a)
768 3109 940 3161 Isaiae
977 3112 1063 3175 31,
1101 3110 1154 3162 9.

668 3239 723 3291 9.
759 3256 867 3290 non
903 3240 1048 3291 elata
1085 3240 1273 3290 om.M.
1426 3239 1507 3293 10.
1549 3248 1623 3291 est
1660 3254 1761 3290 om.
1785 3240 1851 3290 M.
1905 3242 2143 3309 tenetur-1

519 3319 753 3360 meretur
789 3312 856 3361 Μ.
970 3312 1053 3363 12.
1092 3318 1338 3377 sequatur
1368 3310 1555 3362 om.1l1.
1672 3314 1754 3361 14.
1795 3312 1906 3362 eius
1940 3326 2039 3361 om.
2062 3312 2139 3360 Ι.

519 3380 607 3433 15.
648 3382 891 3434 bonitatis
931 3396 1034 3432 om.
1060 3382 1124 3432 Μ.
1296 3390 1299 3393 ’
