2507 4119
657 431 762 488 108
1203 447 1520 488 innocuum
1558 447 1641 488 rr.
1682 449 1774 488 ιιι.

647 588 783 634 ραι
831 572 1000 634 Unus
1045 576 1139 634 est
1183 588 1337 654 ergo
1383 571 1571 650 deus,
1618 578 1683 634 et
1724 589 1882 636 unus
1928 580 2023 638 est
2056 573 2261 638 domi-

644 693 783 740 nus.
871 675 1116 740 caeteri
1157 694 1315 740 vero
1343 694 1469 740 non
1512 684 1655 742 sunt
1694 677 1951 759 domini,
1996 680 2113 744 sed
2140 681 2259 744 mi-

643 784 862 864 nistri,
907 784 1126 866 quibus
1187 783 1579 848 interdicitur
1644 786 1983 851 dominium
2044 794 2110 849 et
2158 789 2256 850 in-

644 893 869 956 dicitur
914 892 1338 956 ministerinm.
1422 893 1591 956 Audi
1620 911 1808 974 super
1844 895 1966 958 hoc
1996 897 2254 978 Sapien-

589 1021 618 1068 s
644 1005 802 1068 tem:
851 1002 1180 1066 Rectorem
1219 1008 1283 1064 te
1325 1007 1682 1084 posuerunt,
1708 1003 1835 1066 noli
1862 1004 2091 1085 extolli,
2124 1011 2252 1070 esto

641 1109 706 1172 in
752 1109 898 1186 illis,
947 1111 1123 1191 quasi
1164 1128 1323 1174 unns
1372 1129 1453 1174 ex
1486 1109 1659 1176 illis.¹²

1241 1327 1391 1380 cAP.
1422 1327 1626 1382 XXXV.

785 1450 988 1502 Gonu-a
1035 1446 1291 1514 fimdem
1325 1450 1740 1502 ambitiosorum
1780 1449 2113 1516 exemplum.

805 1582 941 1645 Filii
983 1582 1314 1661 Zebedaei,
1360 1584 1463 1664 qui
1502 1601 1614 1664 per
1658 1583 2067 1646 interventum
2112 1603 2244 1647 ma-

635 1692 748 1754 tris
809 1690 1110 1756 honorem
1169 1691 1641 1771 postulaverunt
1692 1711 1727 1754 e
1792 1691 2074 1756 Christo:
2132 1687 2246 1754 Dic

637 1797 900 1878 (inquit)
941 1805 1007 1861 ut
1049 1798 1312 1862 sedeant
1351 1798 1415 1860 hi
1460 1797 1584 1861 duo
1624 1797 1733 1860 filii
1780 1799 1921 1877 mei,
1966 1816 2127 1861 nnus
2170 1799 2247 1862 ud

557 1930 613 1976 1⁰
637 1903 953 1969 dexterum
1011 1912 1072 1968 et
1116 1907 1273 1969 alius
1318 1906 1397 1968 ud
1447 1907 1757 1971 sinistram
1802 1913 1964 1970 tuam
2024 1908 2091 1970 in
2136 1925 2245 1970 re-

634 2031 762 2096 gno
805 2021 934 2093 tuo,
975 2021 1330 2079 meruerunt
1362 2014 1611 2079 audire:
1651 2013 1919 2079 Nescitis
1946 2013 2094 2097 quid
2130 2034 2247 2097 pe-

633 2123 798 2185 tatis.
885 2124 1024 2186 Non
1066 2125 1228 2187 enirn
1271 2124 1512 2187 honore
1554 2125 1668 2187 sed
1710 2118 1901 2187 onere
1942 2126 2243 2206 perveni-

633 2238 734 2293 tur
775 2230 855 2294 ad
895 2250 1176 2315 regnum.
1270 2233 1443 2295 Unde
1490 2232 1777 2296 dominus
1820 2231 2063 2297 subdit:
2105 2234 2245 2298 Non

633 2345 729 2401 est
767 2356 967 2403 meum
1013 2339 1166 2403 dare
1206 2340 1440 2420 vobis,⁰
1488 2342 1664 2422 quasi
1718 2341 1993 2422 diceret,
2040 2360 2243 2405 meum

549 2470 605 2517 ιι
632 2447 878 2529 quidem
917 2453 1012 2511 est
1053 2447 1223 2528 dure,
1268 2448 1382 2512 sed
1427 2465 1551 2512 non
1582 2449 1779 2529 vobis,
1827 2447 1891 2512 id
1917 2454 2012 2513 est
2042 2451 2243 2514 umbi-

630 2556 830 2636 tiosiS‚
877 2555 1090 2637 quales
1132 2574 1246 2620 vos
1282 2558 1449 2621 estis·
1512 2558 1684 2621 Licet
1722 2563 1923 2621 autem
1966 2565 2243 2638 potestas

627 2685 663 2728 a
712 2665 830 2730 deo
899 2666 1014 2745 sit,
1076 2666 1375 2747 superbus
1432 2672 1636 2729 tamen
1698 2683 1823 2728 non
1882 2674 2109 2751 regnet
2163 2687 2241 2731 ex

626 2889 698 2943 2⁰
753 2824 829 2941 εἰιι)
867 2817 1057 2939 Palm.
1080 2819 1168 2883 23,
1188 2822 1234 2870 1.
1383 2817 1441 2888 b)
1479 2817 1646 2871 Eccli.
1666 2819 1755 2883 32,
1784 2821 1833 2869 1.
1978 2820 2031 2891 c)
2056 2818 2235 2871 matth.

773 3083 824 3131 1.
868 3089 918 3134 ct
953 3095 1058 3132 οιιι.
1103 3082 1170 3133 Μ.
1210 3091 1261 3134 ct
1294 3098 1428 3134 unus
1464 3081 1698 3134 dominus
1736 3088 1811 3133 est
1840 3080 1889 3133 J.
2036 3082 2089 3133 2.
2111 3096 2231 3133 vcro

477 3184 504 3199 --
626 3167 731 3205 om.
745 3152 814 3205 Μ.
963 3155 1016 3205 4.
1032 3152 1307 3223 indicitur]
1349 3154 1613 3205 inducitur
1632 3150 1763 3215 (ξεν,
1814 3151 2145 3203 interdicitur
2180 3150 2227 3205 J.

537 3264 543 3269 .
629 3222 929 3295 [Inscript]
972 3223 1260 3293 exemplum
1305 3239 1409 3276 om.
1448 3225 1515 3276 Μ.
1743 3224 1825 3276 10.
1878 3238 1914 3273 a
1952 3223 2149 3275 dextris
2185 3229 2233 3273 et

626 3292 764 3345 alim
808 3312 842 3347 a
877 3296 1105 3347 sinistris
1145 3296 1244 3349 tuis
1274 3295 1339 3347 Μ.
1529 3294 1613 3345 14.
1640 3294 1790 3363 quasi
1818 3293 2015 3348 diceret
2044 3308 2149 3346 om.
2168 3294 2234 3387 Μ

631 3366 716 3416 15.
738 3372 814 3417 est
849 3365 1050 3435 quidem
1084 3366 1150 3417 Μ.
1304 3366 1387 3418 16.
1428 3366 1593 3418 omnis
1624 3372 1853 3434 potestas
1892 3364 1992 3419 m.
