2507 4119
743 471 812 508 nt
849 469 1006 508 com.
1043 469 1234 506 nrum.
1276 469 1385 508 mn.
1410 470 1453 507 ι.
1824 453 1899 507 37

282 601 430 675 ctat,
479 601 544 658 et
582 613 711 659 nox
749 597 920 660 nocti
951 596 1407 660 solicitudinem
1432 593 1680 658 indicat.
1744 593 1893 656 Dies

279 721 438 786 ergo
488 703 788 768 laboriosi
847 705 1151 769 ducuntur
1171 751 1190 786 ,
1252 711 1315 769 et
1368 711 1607 790 noctes
1654 721 1897 786 expen-

278 811 510 875 duntur
545 811 881 876 insomnes.

897 1053 1046 1106 CAP.
1097 1053 1293 1107 xvnl.

529 1171 616 1222 De
651 1170 878 1222 miseria
914 1173 1232 1225 continentis
1278 1179 1332 1224 et
1366 1171 1655 1237 coniugati.
1681 1238 1686 1244 ¹

451 1315 516 1377 Si
565 1320 766 1394 potest
825 1316 990 1406 ignis
1054 1333 1180 1377 non
1224 1331 1443 1394 urere,
1490 1321 1694 1396 potest
1740 1330 1892 1378 caro

271 1439 406 1484 non
455 1421 930 1501 concupiscere,
994 1423 1134 1502 quia
1190 1428 1718 1503 quantumcunque
1768 1439 1943 1502 pu-5

273 1531 518 1605 nietur,
567 1546 874 1609 nunquam
911 1536 1114 1592 tamen
1159 1530 1492 1592 lebusaeus
1533 1529 1637 1593 ille
1684 1534 1891 1610 potest

276 1636 526 1718 expelli.
589 1638 880 1700 Naturam
921 1636 1192 1718 expellas
1225 1638 1422 1715 furca,
1461 1643 1665 1700 tamen
1692 1654 1891 1718 usque

273 1750 618 1808 recurret.a
693 1747 831 1809 Non
882 1763 1096 1808 omnes
1144 1747 1403 1826 (inquit)
1448 1748 1693 1825 capiunt
1738 1763 1892 1809 ver-

269 1854 421 1918 bum
482 1854 684 1932 istud,
747 1853 857 1918 sed
921 1855 1023 1934 qui
1083 1860 1287 1934 potest
1344 1872 1567 1934 capere
1631 1854 1885 1932 capiat.b

271 1963 455 2026 Unde
501 1981 682 2042 quum
731 1962 882 2025 deus
924 1962 1059 2042 ipse
1105 1962 1184 2024 de
1214 1965 1399 2025 certis
1441 1961 1887 2042 pontificalibus
1915 1981 1973 2028 ιο

273 2071 650 2134 indumentis
680 2072 988 2150 iussisset,
1033 2078 1099 2133 ut
1123 2073 1371 2155 Moyses
1398 2076 1459 2133 et
1488 2074 1700 2135 Aaron
1729 2072 1891 2135 filios

273 2196 429 2243 suos
487 2183 826 2257 vestirent,
897 2178 975 2239 de
1050 2180 1201 2242 solis
1267 2180 1697 2243 foeminalibus
1761 2198 1889 2243 non

269 2288 613 2367 praecepit,
649 2286 761 2349 sed
792 2288 897 2366 ait,
939 2294 1004 2350 ut
1029 2288 1148 2369 ipsi
1179 2287 1607 2351 foeminalibus
1632 2292 1892 2351 uteren-

271 2400 398 2471 tur,
433 2412 566 2455 cum
611 2394 1086 2475 ingrederentur
1112 2381 1570 2460 tabernaculum
1602 2398 1888 2459 testimo-

270 2502 418 2563 nii.⁰
483 2500 609 2585 Sed
653 2506 714 2564 et
744 2502 1077 2583 Apostolus
1123 2502 1306 2566 dicit:
1350 2503 1551 2567 Nolite
1596 2504 1887 2569 fraudare
1911 2520 1971 2567 ¹⁵

271 2612 586 2687 invicem,
629 2609 747 2672 nisi
796 2610 959 2673 forte
1003 2629 1084 2673 ex
1129 2629 1438 2675 consensu
1492 2612 1567 2674 ad
1624 2618 1885 2693 tempuS,

352 2764 412 2828 a)
455 2758 628 2809 Horat.
668 2757 834 2825 Epist.
875 2760 916 2812 1.
961 2760 1042 2813 10.
1069 2760 1158 2814 24.
1239 2761 1301 2829 b)
1343 2760 1525 2813 matth.
1546 2758 1628 2826 19,
1655 2761 1885 2813 11-12-

277 2834 336 2900 c)
379 2830 545 2882 Exod.
587 2829 676 2895 28,
717 2830 951 2883 42-43.

424 3015 478 3065 5.
512 3014 778 3085 punietur]
819 3021 1080 3082 puqnctur
1113 3011 1294 3064 Mcts.
1352 3028 1404 3063 a.
1430 3014 1647 3081 punitur
1662 3012 1781 3067 add.
1820 3015 1889 3067 ad

273 3085 531 3152 marg-M.
615 3086 668 3139 6.
695 3093 870 3136 tamen
907 3102 972 3135 σω
1007 3092 1109 3136 toto
1147 3084 1244 3136 HJ.
1355 3083 1408 3135 7.
1446 3085 1887 3138 Naturam...re-

275 3159 480 3225 σηκοὶ]
520 3155 656 3209 Nam
687 3158 736 3207 si
769 3158 928 3222 furca
963 3154 1210 3223 expellas,
1252 3164 1427 3208 tamen
1472 3155 1659 3222 abique
1694 3171 1888 3209 recur-

275 3229 351 3280 n't
390 3229 466 3279 M.
609 3228 692 3279 10.
733 3226 794 3277 do
831 3228 1054 3278 caeteris
1085 3226 1176 3278 CJ.
1326 3230 1405 3278 11.
1440 3226 1781 3289 attumne,
1826 3235 1889 3280 ut

279 3299 489 3366 Moyses
502 3298 690 3349 Aaron
723 3306 771 3349 et
801 3299 938 3365 filios
971 3299 1079 3349 eius
1107 3298 1370 3350 nesciverit
1390 3298 1464 3349 M.
1614 3300 1705 3351 15.
1732 3298 1884 3373 dieiq

281 3370 360 3421 ait
397 3371 452 3421 M
469 3404 486 3433 ,
521 3370 691 3440 iuquit
727 3369 774 3421 J.
