<?xml version="1.0" encoding="UTF-8"?>
<!DOCTYPE html PUBLIC "-//W3C//DTD XHTML 1.0 Transitional//EN"
    "http://www.w3.org/TR/xhtml1/DTD/xhtml1-transitional.dtd">
<html xmlns="http://www.w3.org/1999/xhtml" xml:lang="en" lang="en">
 <head>
  <title>
</title>
<meta http-equiv="Content-Type" content="text/html;charset=utf-8" />
  <meta name='ocr-system' content='tesseract 3.04.00' />
  <meta name='ocr-capabilities' content='ocr_page ocr_carea ocr_par ocr_line ocrx_word'/>
</head>
<body>
  <div class='ocr_page' id='page_1' title='image "./decontemptumund00achtgoog_0148.png"; bbox 0 0 2507 4119; ppageno 0'>
   <div class='ocr_carea' id='block_1_1' title="bbox 637 423 1719 480">
    <p class='ocr_par' dir='ltr' id='par_1_1' title="bbox 637 423 1719 480">
     <span class='ocr_line' id='line_1_1' title="bbox 637 423 1719 480; baseline -0.002 0"><span class='ocrx_word' id='word_1_1' title='bbox 637 423 744 480; x_wconf 75' lang='lat' dir='ltr'><strong>tao</strong></span> <span class='ocrx_word' id='word_1_2' title='bbox 1143 439 1461 479; x_wconf 66' lang='lat' dir='ltr'><strong>innocui-n</strong></span> <span class='ocrx_word' id='word_1_3' title='bbox 1506 441 1590 479; x_wconf 73' lang='lat' dir='ltr'><strong>rr.</strong></span> <span class='ocrx_word' id='word_1_4' title='bbox 1634 441 1719 480; x_wconf 84' lang='lat' dir='ltr'><strong>m.</strong></span> 
     </span>
    </p>
   </div>
   <div class='ocr_carea' id='block_1_2' title="bbox 547 561 2249 2375">
    <p class='ocr_par' dir='ltr' id='par_1_2' title="bbox 547 561 2249 2375">
     <span class='ocr_line' id='line_1_2' title="bbox 630 561 2249 643; baseline 0.001 -17"><span class='ocrx_word' id='word_1_5' title='bbox 630 563 826 626; x_wconf 76' lang='lat' dir='ltr'><strong>veiint</strong></span> <span class='ocrx_word' id='word_1_6' title='bbox 873 579 1000 624; x_wconf 86' lang='lat' dir='ltr'><strong>non</strong></span> <span class='ocrx_word' id='word_1_7' title='bbox 1047 562 1307 643; x_wconf 75' lang='lat' dir='ltr'><strong>possint.</strong></span> <span class='ocrx_word' id='word_1_8' title='bbox 1394 561 1581 627; x_wconf 86' lang='lat' dir='ltr'><strong>Dedit</strong></span> <span class='ocrx_word' id='word_1_9' title='bbox 1616 564 1781 628; x_wconf 84' lang='lat' dir='ltr'><strong>enim</strong></span> <span class='ocrx_word' id='word_1_10' title='bbox 1826 565 2113 629; x_wconf 85' lang='lat' dir='ltr'><strong>dominus</strong></span> <span class='ocrx_word' id='word_1_11' title='bbox 2139 566 2249 628; x_wconf 78' lang='lat' dir='ltr'><strong>lo·-</strong></span> 
     </span>
     <span class='ocr_line' id='line_1_3' title="bbox 633 669 2249 755; baseline 0.002 -22"><span class='ocrx_word' id='word_1_12' title='bbox 633 687 773 734; x_wconf 84' lang='lat' dir='ltr'><strong>oum</strong></span> <span class='ocrx_word' id='word_1_13' title='bbox 819 669 1257 755; x_wconf 87' lang='lat' dir='ltr'><strong>poenitentiae,</strong></span> <span class='ocrx_word' id='word_1_14' title='bbox 1302 677 1365 736; x_wconf 85' lang='lat' dir='ltr'><strong>et</strong></span> <span class='ocrx_word' id='word_1_15' title='bbox 1403 672 1522 752; x_wconf 86' lang='lat' dir='ltr'><strong>ipsi</strong></span> <span class='ocrx_word' id='word_1_16' title='bbox 1557 671 1733 735; x_wconf 86' lang='lat' dir='ltr'><strong>abusi</strong></span> <span class='ocrx_word' id='word_1_17' title='bbox 1774 679 1917 735; x_wconf 91' lang='lat' dir='ltr'><strong>sunt</strong></span> <span class='ocrx_word' id='word_1_18' title='bbox 1942 687 2042 736; x_wconf 90' lang='lat' dir='ltr'><strong>eo.</strong></span> <span class='ocrx_word' id='word_1_19' title='bbox 2088 669 2249 736; x_wconf 85' lang='lat' dir='ltr'><strong>Pro·-</strong></span> 
     </span>
     <span class='ocr_line' id='line_1_4' title="bbox 629 777 2249 858; baseline 0.002 -19"><span class='ocrx_word' id='word_1_20' title='bbox 629 783 846 858; x_wconf 80' lang='lat' dir='ltr'><strong>pterea</strong></span> <span class='ocrx_word' id='word_1_21' title='bbox 884 778 1082 855; x_wconf 83' lang='lat' dir='ltr'><strong>dives,</strong></span> <span class='ocrx_word' id='word_1_22' title='bbox 1129 777 1234 858; x_wconf 84' lang='lat' dir='ltr'><strong>qui</strong></span> <span class='ocrx_word' id='word_1_23' title='bbox 1276 778 1668 842; x_wconf 76' lang='lat' dir='ltr'>cruciabatur</span> <span class='ocrx_word' id='word_1_24' title='bbox 1708 777 1771 840; x_wconf 84' lang='lat' dir='ltr'><strong>in</strong></span> <span class='ocrx_word' id='word_1_25' title='bbox 1818 778 2097 858; x_wconf 82' lang='lat' dir='ltr'><strong>flamma,</strong></span> <span class='ocrx_word' id='word_1_26' title='bbox 2144 779 2249 842; x_wconf 83' lang='lat' dir='ltr'><strong>di·-</strong></span> 
     </span>
     <span class='ocr_line' id='line_1_5' title="bbox 634 885 2242 968; baseline 0.001 -18"><span class='ocrx_word' id='word_1_27' title='bbox 634 887 817 950; x_wconf 82' lang='lat' dir='ltr'><strong>cebat</strong></span> <span class='ocrx_word' id='word_1_28' title='bbox 859 889 936 951; x_wconf 85' lang='lat' dir='ltr'><strong>ad</strong></span> <span class='ocrx_word' id='word_1_29' title='bbox 969 887 1315 951; x_wconf 79' lang='lat' dir='ltr'><strong>Abraham:</strong></span> <span class='ocrx_word' id='word_1_30' title='bbox 1354 885 1533 968; x_wconf 80' lang='lat' dir='ltr'><strong>Rogo</strong></span> <span class='ocrx_word' id='word_1_31' title='bbox 1581 895 1645 949; x_wconf 86' lang='lat' dir='ltr'><strong>te</strong></span> <span class='ocrx_word' id='word_1_32' title='bbox 1687 891 1883 968; x_wconf 86' lang='lat' dir='ltr'><strong>pater,</strong></span> <span class='ocrx_word' id='word_1_33' title='bbox 1929 893 1997 949; x_wconf 84' lang='lat' dir='ltr'><strong>ut</strong></span> <span class='ocrx_word' id='word_1_34' title='bbox 2038 888 2242 951; x_wconf 75' lang='lat' dir='ltr'><strong>mittas</strong></span> 
     </span>
     <span class='ocr_line' id='line_1_6' title="bbox 577 993 2243 1076; baseline -0.001 -17"><span class='ocrx_word' id='word_1_35' title='bbox 577 1001 608 1047; x_wconf 69' lang='grc' dir='ltr'><strong>ὃ</strong></span> <span class='ocrx_word' id='word_1_36' title='bbox 633 996 927 1059; x_wconf 81' lang='lat' dir='ltr'><strong>Lazarum</strong></span> <span class='ocrx_word' id='word_1_37' title='bbox 973 996 1036 1058; x_wconf 88' lang='lat' dir='ltr'><strong>in</strong></span> <span class='ocrx_word' id='word_1_38' title='bbox 1083 994 1329 1059; x_wconf 87' lang='lat' dir='ltr'><strong>domum</strong></span> <span class='ocrx_word' id='word_1_39' title='bbox 1371 995 1562 1076; x_wconf 86' lang='lat' dir='ltr'><strong>patris</strong></span> <span class='ocrx_word' id='word_1_40' title='bbox 1606 995 1751 1058; x_wconf 86' lang='lat' dir='ltr'><strong>mei.</strong></span> <span class='ocrx_word' id='word_1_41' title='bbox 1818 993 2035 1059; x_wconf 84' lang='lat' dir='ltr'><strong>Habeo</strong></span> <span class='ocrx_word' id='word_1_42' title='bbox 2076 995 2243 1058; x_wconf 75' lang='lat' dir='ltr'><strong>enim</strong></span> 
     </span>
     <span class='ocr_line' id='line_1_7' title="bbox 631 1101 2242 1185; baseline 0.001 -21"><span class='ocrx_word' id='word_1_43' title='bbox 631 1103 901 1185; x_wconf 80' lang='lat' dir='ltr'><strong>quinque</strong></span> <span class='ocrx_word' id='word_1_44' title='bbox 947 1104 1208 1183; x_wconf 82' lang='lat' dir='ltr'><strong>fratres,</strong></span> <span class='ocrx_word' id='word_1_45' title='bbox 1253 1110 1319 1166; x_wconf 80' lang='lat' dir='ltr'><strong>ut</strong></span> <span class='ocrx_word' id='word_1_46' title='bbox 1376 1109 1636 1167; x_wconf 81' lang='lat' dir='ltr'><strong>testetur</strong></span> <span class='ocrx_word' id='word_1_47' title='bbox 1681 1101 1839 1181; x_wconf 85' lang='lat' dir='ltr'><strong>illis,</strong></span> <span class='ocrx_word' id='word_1_48' title='bbox 1882 1119 1965 1164; x_wconf 92' lang='lat' dir='ltr'><strong>ne</strong></span> <span class='ocrx_word' id='word_1_49' title='bbox 2018 1109 2079 1167; x_wconf 88' lang='lat' dir='ltr'><strong>et</strong></span> <span class='ocrx_word' id='word_1_50' title='bbox 2120 1103 2242 1184; x_wconf 81' lang='lat' dir='ltr'><strong>ipsi</strong></span> 
     </span>
     <span class='ocr_line' id='line_1_8' title="bbox 627 1210 2239 1274; baseline 0.002 -3"><span class='ocrx_word' id='word_1_51' title='bbox 627 1211 880 1274; x_wconf 82' lang='lat' dir='ltr'><strong>veniant</strong></span> <span class='ocrx_word' id='word_1_52' title='bbox 935 1213 1002 1272; x_wconf 91' lang='lat' dir='ltr'><strong>in</strong></span> <span class='ocrx_word' id='word_1_53' title='bbox 1057 1211 1222 1274; x_wconf 84' lang='lat' dir='ltr'><strong>huno</strong></span> <span class='ocrx_word' id='word_1_54' title='bbox 1290 1211 1495 1274; x_wconf 84' lang='lat' dir='ltr'><strong>locum</strong></span> <span class='ocrx_word' id='word_1_55' title='bbox 1552 1216 2015 1273; x_wconf 80' lang='lat' dir='ltr'><strong>tormentorum.</strong></span> <span class='ocrx_word' id='word_1_56' title='bbox 2126 1210 2239 1274; x_wconf 88' lang='lat' dir='ltr'><strong>cui</strong></span> 
     </span>
     <span class='ocr_line' id='line_1_9' title="bbox 589 1317 2241 1400; baseline 0.001 -22"><span class='ocrx_word' id='word_1_57' title='bbox 589 1325 597 1332; x_wconf 85' lang='grc'><em>“</em></span> <span class='ocrx_word' id='word_1_58' title='bbox 629 1335 813 1399; x_wconf 83' lang='lat' dir='ltr'><strong>quum</strong></span> <span class='ocrx_word' id='word_1_59' title='bbox 857 1317 1171 1382; x_wconf 82' lang='lat' dir='ltr'><strong>Abraham</strong></span> <span class='ocrx_word' id='word_1_60' title='bbox 1212 1317 1674 1399; x_wconf 79' lang='lat' dir='ltr'><strong>respondisset:</strong></span> <span class='ocrx_word' id='word_1_61' title='bbox 1714 1318 1954 1382; x_wconf 84' lang='lat' dir='ltr'><strong>Habent</strong></span> <span class='ocrx_word' id='word_1_62' title='bbox 1976 1317 2241 1400; x_wconf 75' lang='lat' dir='ltr'><strong>Moysen</strong></span> 
     </span>
     <span class='ocr_line' id='line_1_10' title="bbox 633 1425 2239 1506; baseline -0.002 -16"><span class='ocrx_word' id='word_1_63' title='bbox 633 1433 696 1490; x_wconf 85' lang='lat' dir='ltr'><strong>et</strong></span> <span class='ocrx_word' id='word_1_64' title='bbox 736 1425 1066 1506; x_wconf 84' lang='lat' dir='ltr'><strong>prophetas</strong></span> <span class='ocrx_word' id='word_1_65' title='bbox 1087 1471 1106 1506; x_wconf 90' lang='lat'><strong>,</strong></span> <span class='ocrx_word' id='word_1_66' title='bbox 1155 1426 1406 1490; x_wconf 78' lang='lat' dir='ltr'><strong>audiant</strong></span> <span class='ocrx_word' id='word_1_67' title='bbox 1445 1425 1622 1505; x_wconf 81' lang='lat' dir='ltr'><strong>illos,</strong></span> <span class='ocrx_word' id='word_1_68' title='bbox 1667 1425 2011 1488; x_wconf 81' lang='lat' dir='ltr'><strong>subiunxit:</strong></span> <span class='ocrx_word' id='word_1_69' title='bbox 2071 1425 2239 1504; x_wconf 80' lang='lat' dir='ltr'><strong>Non,</strong></span> 
     </span>
     <span class='ocr_line' id='line_1_11' title="bbox 548 1532 2241 1616; baseline -0.005 -14"><span class='ocrx_word' id='word_1_70' title='bbox 548 1555 606 1602; x_wconf 68' lang='grc' dir='ltr'><strong>ιο</strong></span> <span class='ocrx_word' id='word_1_71' title='bbox 630 1541 807 1616; x_wconf 84' lang='lat' dir='ltr'><strong>pater</strong></span> <span class='ocrx_word' id='word_1_72' title='bbox 847 1536 1154 1598; x_wconf 79' lang='lat' dir='ltr'><strong>Abraham</strong></span> <span class='ocrx_word' id='word_1_73' title='bbox 1175 1555 1194 1612; x_wconf 90' lang='lat'>;</span> <span class='ocrx_word' id='word_1_74' title='bbox 1237 1533 1353 1596; x_wconf 88' lang='lat' dir='ltr'><strong>sed</strong></span> <span class='ocrx_word' id='word_1_75' title='bbox 1396 1533 1450 1596; x_wconf 87' lang='lat' dir='ltr'><strong>si</strong></span> <span class='ocrx_word' id='word_1_76' title='bbox 1494 1533 1633 1614; x_wconf 83' lang='lat' dir='ltr'><strong>quis</strong></span> <span class='ocrx_word' id='word_1_77' title='bbox 1676 1551 1755 1596; x_wconf 84' lang='lat' dir='ltr'><strong>ex</strong></span> <span class='ocrx_word' id='word_1_78' title='bbox 1796 1532 2052 1596; x_wconf 77' lang='lat' dir='ltr'><strong>mortuis</strong></span> <span class='ocrx_word' id='word_1_79' title='bbox 2096 1532 2241 1595; x_wconf 88' lang='lat' dir='ltr'><strong>ierit</strong></span> 
     </span>
     <span class='ocr_line' id='line_1_12' title="bbox 631 1640 2240 1726; baseline -0.001 -21"><span class='ocrx_word' id='word_1_80' title='bbox 631 1642 712 1706; x_wconf 79' lang='lat' dir='ltr'><strong>ad</strong></span> <span class='ocrx_word' id='word_1_81' title='bbox 755 1661 907 1722; x_wconf 77' lang='lat' dir='ltr'><strong>eoS‚</strong></span> <span class='ocrx_word' id='word_1_82' title='bbox 955 1642 1395 1726; x_wconf 83' lang='lat' dir='ltr'><strong>poenitentiam</strong></span> <span class='ocrx_word' id='word_1_83' title='bbox 1440 1647 1685 1723; x_wconf 52' lang='lat' dir='ltr'><strong>agenta²</strong></span> <span class='ocrx_word' id='word_1_84' title='bbox 1739 1643 1983 1723; x_wconf 77' lang='lat' dir='ltr'><strong>Agebat</strong></span> <span class='ocrx_word' id='word_1_85' title='bbox 2027 1647 2089 1704; x_wconf 89' lang='lat' dir='ltr'><strong>et</strong></span> <span class='ocrx_word' id='word_1_86' title='bbox 2132 1640 2240 1704; x_wconf 85' lang='lat' dir='ltr'><strong>ille</strong></span> 
     </span>
     <span class='ocr_line' id='line_1_13' title="bbox 627 1749 2241 1833; baseline -0.001 -19"><span class='ocrx_word' id='word_1_87' title='bbox 627 1751 1070 1833; x_wconf 84' lang='lat' dir='ltr'><strong>poenitentiam</strong></span> <span class='ocrx_word' id='word_1_88' title='bbox 1127 1752 1192 1814; x_wconf 91' lang='lat' dir='ltr'><strong>in</strong></span> <span class='ocrx_word' id='word_1_89' title='bbox 1264 1751 1545 1830; x_wconf 82' lang='lat' dir='ltr'><strong>infern03</strong></span> <span class='ocrx_word' id='word_1_90' title='bbox 1606 1749 1720 1814; x_wconf 86' lang='lat' dir='ltr'><strong>sed</strong></span> <span class='ocrx_word' id='word_1_91' title='bbox 1779 1749 1920 1832; x_wconf 85' lang='lat' dir='ltr'><strong>quia</strong></span> <span class='ocrx_word' id='word_1_92' title='bbox 1985 1767 2241 1833; x_wconf 85' lang='lat' dir='ltr'><strong>eogno-</strong></span> 
     </span>
     <span class='ocr_line' id='line_1_14' title="bbox 570 1856 2243 1941; baseline -0.004 -15"><span class='ocrx_word' id='word_1_93' title='bbox 570 1922 580 1940; x_wconf 88' lang='lat'><strong>-.</strong></span> <span class='ocrx_word' id='word_1_94' title='bbox 629 1862 847 1926; x_wconf 80' lang='lat' dir='ltr'><strong>scebat</strong></span> <span class='ocrx_word' id='word_1_95' title='bbox 887 1860 1054 1925; x_wconf 86' lang='lat' dir='ltr'><strong>illam</strong></span> <span class='ocrx_word' id='word_1_96' title='bbox 1096 1859 1369 1923; x_wconf 84' lang='lat' dir='ltr'><strong>inutilem</strong></span> <span class='ocrx_word' id='word_1_97' title='bbox 1393 1905 1412 1938; x_wconf 92' lang='lat'><strong>,</strong></span> <span class='ocrx_word' id='word_1_98' title='bbox 1472 1859 1739 1941; x_wconf 83' lang='lat' dir='ltr'><strong>rogabat</strong></span> <span class='ocrx_word' id='word_1_99' title='bbox 1780 1864 1847 1920; x_wconf 83' lang='lat' dir='ltr'><strong>ut</strong></span> <span class='ocrx_word' id='word_1_100' title='bbox 1888 1856 2243 1920; x_wconf 85' lang='lat' dir='ltr'><strong>annuncia-</strong></span> 
     </span>
     <span class='ocr_line' id='line_1_15' title="bbox 581 1967 2242 2048; baseline -0.004 -15"><span class='ocrx_word' id='word_1_101' title='bbox 581 1971 798 2033; x_wconf 78' lang='lat' dir='ltr'><strong>&#39;retur</strong></span> <span class='ocrx_word' id='word_1_102' title='bbox 859 1969 982 2032; x_wconf 88' lang='lat' dir='ltr'><strong>hoc</strong></span> <span class='ocrx_word' id='word_1_103' title='bbox 1041 1968 1335 2032; x_wconf 81' lang='lat' dir='ltr'><strong>fratribus</strong></span> <span class='ocrx_word' id='word_1_104' title='bbox 1397 1967 1528 2029; x_wconf 86' lang='lat' dir='ltr'><strong>suis</strong></span> <span class='ocrx_word' id='word_1_105' title='bbox 1548 2013 1567 2046; x_wconf 92' lang='lat'>,</span> <span class='ocrx_word' id='word_1_106' title='bbox 1622 1971 1918 2048; x_wconf 87' lang='lat' dir='ltr'><strong>quatenus</strong></span> <span class='ocrx_word' id='word_1_107' title='bbox 1978 1969 2242 2046; x_wconf 81' lang='lat' dir='ltr'><strong>agerent</strong></span> 
     </span>
     <span class='ocr_line' id='line_1_16' title="bbox 547 2072 2241 2161; baseline 0 -24"><span class='ocrx_word' id='word_1_108' title='bbox 547 2092 604 2139; x_wconf 75' lang='lat'><strong>15</strong></span> <span class='ocrx_word' id='word_1_109' title='bbox 628 2078 1066 2161; x_wconf 83' lang='lat' dir='ltr'><strong>poenitentiam</strong></span> <span class='ocrx_word' id='word_1_110' title='bbox 1108 2078 1170 2139; x_wconf 90' lang='lat' dir='ltr'><strong>in</strong></span> <span class='ocrx_word' id='word_1_111' title='bbox 1207 2077 1332 2140; x_wconf 89' lang='lat' dir='ltr'><strong>hoo</strong></span> <span class='ocrx_word' id='word_1_112' title='bbox 1366 2076 1615 2140; x_wconf 87' lang='lat' dir='ltr'><strong>saeculo</strong></span> <span class='ocrx_word' id='word_1_113' title='bbox 1651 2074 2051 2153; x_wconf 84' lang='lat' dir='ltr'><strong>fructuosam,</strong></span> <span class='ocrx_word' id='word_1_114' title='bbox 2094 2072 2241 2154; x_wconf 79' lang='lat' dir='ltr'><strong>quia</strong></span> 
     </span>
     <span class='ocr_line' id='line_1_17' title="bbox 624 2186 2239 2269; baseline -0.002 -18"><span class='ocrx_word' id='word_1_115' title='bbox 624 2194 774 2251; x_wconf 83' lang='lat' dir='ltr'><strong>tuno</strong></span> <span class='ocrx_word' id='word_1_116' title='bbox 815 2188 1070 2269; x_wconf 88' lang='lat' dir='ltr'><strong>prodest</strong></span> <span class='ocrx_word' id='word_1_117' title='bbox 1129 2186 1364 2249; x_wconf 87' lang='lat' dir='ltr'><strong>homini</strong></span> <span class='ocrx_word' id='word_1_118' title='bbox 1403 2186 1759 2269; x_wconf 86' lang='lat' dir='ltr'><strong>poenitere,</strong></span> <span class='ocrx_word' id='word_1_119' title='bbox 1808 2202 1987 2267; x_wconf 89' lang='lat' dir='ltr'><strong>quum</strong></span> <span class='ocrx_word' id='word_1_120' title='bbox 2029 2190 2239 2266; x_wconf 84' lang='lat' dir='ltr'><strong>potest</strong></span> 
     </span>
     <span class='ocr_line' id='line_1_18' title="bbox 627 2295 1091 2375; baseline 0 -19"><span class='ocrx_word' id='word_1_121' title='bbox 627 2295 764 2375; x_wconf 86' lang='lat' dir='ltr'><strong>ipse</strong></span> <span class='ocrx_word' id='word_1_122' title='bbox 804 2312 1091 2375; x_wconf 85' lang='lat' dir='ltr'><strong>peccare.</strong></span> 
     </span>
    </p>
   </div>
   <div class='ocr_carea' id='block_1_3' title="bbox 1019 2492 1840 2676">
    <p class='ocr_par' dir='ltr' id='par_1_3' title="bbox 1019 2492 1840 2676">
     <span class='ocr_line' id='line_1_19' title="bbox 1282 2492 1575 2547; baseline -0.007 0"><span class='ocrx_word' id='word_1_123' title='bbox 1282 2494 1431 2547; x_wconf 78' lang='lat' dir='ltr'><strong>GAP.</strong></span> <span class='ocrx_word' id='word_1_124' title='bbox 1479 2492 1575 2545; x_wconf 83' lang='lat' dir='ltr'><strong>lv.</strong></span> 
     </span>
     <span class='ocr_line' id='line_1_20' title="bbox 1019 2606 1840 2676; baseline -0.002 -14"><span class='ocrx_word' id='word_1_125' title='bbox 1019 2610 1106 2663; x_wconf 74' lang='lat' dir='ltr'><strong>De</strong></span> <span class='ocrx_word' id='word_1_126' title='bbox 1137 2609 1330 2676; x_wconf 72' lang='lat' dir='ltr'><strong>poenis</strong></span> <span class='ocrx_word' id='word_1_127' title='bbox 1363 2608 1569 2675; x_wconf 66' lang='lat' dir='ltr'><strong>inferni</strong></span> <span class='ocrx_word' id='word_1_128' title='bbox 1598 2606 1840 2660; x_wconf 66' lang='lat' dir='ltr'><strong>atomis.</strong></span> 
     </span>
    </p>
   </div>
   <div class='ocr_carea' id='block_1_4' title="bbox 765 2746 2237 2947">
    <p class='ocr_par' dir='ltr' id='par_1_4' title="bbox 765 2746 2237 2947">
     <span class='ocr_line' id='line_1_21' title="bbox 793 2746 2237 2811; baseline 0 0"><span class='ocrx_word' id='word_1_129' title='bbox 793 2746 1033 2811; x_wconf 85' lang='lat' dir='ltr'><strong>Poenae</strong></span> <span class='ocrx_word' id='word_1_130' title='bbox 1075 2753 1279 2811; x_wconf 84' lang='lat' dir='ltr'><strong>autem</strong></span> <span class='ocrx_word' id='word_1_131' title='bbox 1336 2746 1672 2811; x_wconf 82' lang='lat' dir='ltr'><strong>infernales</strong></span> <span class='ocrx_word' id='word_1_132' title='bbox 1722 2747 2071 2811; x_wconf 78' lang='lat' dir='ltr'><strong>&#39;secundum</strong></span> <span class='ocrx_word' id='word_1_133' title='bbox 2129 2748 2237 2811; x_wconf 91' lang='lat' dir='ltr'><strong>di-</strong></span> 
     </span>
     <span class='ocr_line' id='line_1_22' title="bbox 765 2877 1386 2947; baseline 0 -18"><span class='ocrx_word' id='word_1_134' title='bbox 765 2884 827 2947; x_wconf 69' lang='lat' dir='ltr'><strong>o)</strong></span> <span class='ocrx_word' id='word_1_135' title='bbox 865 2877 990 2929; x_wconf 86' lang='lat' dir='ltr'><strong>Luc.</strong></span> <span class='ocrx_word' id='word_1_136' title='bbox 1033 2878 1117 2942; x_wconf 90' lang='grc'><strong>16,</strong></span> <span class='ocrx_word' id='word_1_137' title='bbox 1155 2878 1386 2930; x_wconf 81' lang='grc'><strong>27-31.</strong></span> 
     </span>
    </p>
   </div>
   <div class='ocr_carea' id='block_1_5' title="bbox 620 2979 1010 2997">
    <p class='ocr_par' dir='ltr' id='par_1_5' title="bbox 620 2979 1010 2997">
     <span class='ocr_line' id='line_1_23' title="bbox 620 2979 1010 2997; baseline 0 1122"><span class='ocrx_word' id='word_1_138' title='bbox 620 2979 1010 2997; x_wconf 95' lang='lat' dir='ltr'><strong> </strong></span> 
     </span>
    </p>
   </div>
   <div class='ocr_carea' id='block_1_6' title="bbox 611 3037 2235 3394">
    <p class='ocr_par' dir='ltr' id='par_1_6' title="bbox 611 3037 2235 3394">
     <span class='ocr_line' id='line_1_24' title="bbox 772 3037 2231 3108; baseline 0.001 -17"><span class='ocrx_word' id='word_1_139' title='bbox 772 3043 820 3092; x_wconf 88' lang='grc'><strong>1.</strong></span> <span class='ocrx_word' id='word_1_140' title='bbox 859 3039 996 3089; x_wconf 69' lang='lat' dir='ltr'><strong>enim</strong></span> <span class='ocrx_word' id='word_1_141' title='bbox 1029 3038 1104 3089; x_wconf 71' lang='lat' dir='ltr'><strong>sis</strong></span> <span class='ocrx_word' id='word_1_142' title='bbox 1141 3037 1236 3090; x_wconf 63' lang='lat' dir='ltr'><strong>HJ.</strong></span> <span class='ocrx_word' id='word_1_143' title='bbox 1290 3038 1547 3108; x_wconf 64' lang='lat' dir='ltr'><strong>dominnm]</strong></span> <span class='ocrx_word' id='word_1_144' title='bbox 1569 3038 1693 3089; x_wconf 78' lang='lat' dir='ltr'><strong>deus</strong></span> <span class='ocrx_word' id='word_1_145' title='bbox 1727 3038 1797 3090; x_wconf 70' lang='lat' dir='ltr'><strong>M.</strong></span> <span class='ocrx_word' id='word_1_146' title='bbox 1886 3040 1942 3091; x_wconf 83' lang='lat'><strong>2.</strong></span> <span class='ocrx_word' id='word_1_147' title='bbox 1982 3056 2042 3091; x_wconf 85' lang='lat' dir='ltr'><strong>eo</strong></span> <span class='ocrx_word' id='word_1_148' title='bbox 2061 3040 2231 3093; x_wconf 72' lang='lat' dir='ltr'><strong>orn-J-</strong></span> 
     </span>
     <span class='ocr_line' id='line_1_25' title="bbox 619 3108 2235 3180; baseline -0.001 -16"><span class='ocrx_word' id='word_1_149' title='bbox 619 3112 675 3165; x_wconf 79' lang='lat'><strong>6.</strong></span> <span class='ocrx_word' id='word_1_150' title='bbox 715 3120 772 3162; x_wconf 71' lang='lat' dir='ltr'><strong>ut</strong></span> <span class='ocrx_word' id='word_1_151' title='bbox 809 3116 1022 3161; x_wconf 68' lang='lat' dir='ltr'><strong>testetur</strong></span> <span class='ocrx_word' id='word_1_152' title='bbox 1055 3108 1163 3160; x_wconf 66' lang='lat' dir='ltr'><strong>illi·</strong></span> <span class='ocrx_word' id='word_1_153' title='bbox 1199 3124 1305 3161; x_wconf 86' lang='lat' dir='ltr'><strong>om.</strong></span> <span class='ocrx_word' id='word_1_154' title='bbox 1330 3110 1397 3161; x_wconf 80' lang='grc' dir='ltr'><strong>Μ.</strong></span> <span class='ocrx_word' id='word_1_155' title='bbox 1560 3108 1612 3161; x_wconf 91' lang='grc'><strong>8.</strong></span> <span class='ocrx_word' id='word_1_156' title='bbox 1651 3108 2021 3180; x_wconf 70' lang='lat' dir='ltr'><strong>respondisset]</strong></span> <span class='ocrx_word' id='word_1_157' title='bbox 2062 3111 2235 3163; x_wconf 64' lang='lat' dir='ltr'><strong>dicis-</strong></span> 
     </span>
     <span class='ocr_line' id='line_1_26' title="bbox 617 3178 2234 3250; baseline 0.001 -15"><span class='ocrx_word' id='word_1_158' title='bbox 617 3192 695 3236; x_wconf 71' lang='lat' dir='ltr'><strong>uc</strong></span> <span class='ocrx_word' id='word_1_159' title='bbox 733 3182 802 3233; x_wconf 76' lang='grc' dir='ltr'><strong>Μ.</strong></span> <span class='ocrx_word' id='word_1_160' title='bbox 925 3180 978 3231; x_wconf 88' lang='grc'><strong>9.</strong></span> <span class='ocrx_word' id='word_1_161' title='bbox 1017 3180 1235 3231; x_wconf 65' lang='lat' dir='ltr'><strong>audiunt</strong></span> <span class='ocrx_word' id='word_1_162' title='bbox 1269 3179 1315 3232; x_wconf 87' lang='lat' dir='ltr'><strong>J.</strong></span> <span class='ocrx_word' id='word_1_163' title='bbox 1411 3183 1493 3232; x_wconf 86' lang='lat'><strong>11.</strong></span> <span class='ocrx_word' id='word_1_164' title='bbox 1528 3179 1643 3250; x_wconf 67' lang='lat' dir='ltr'><strong>ius]</strong></span> <span class='ocrx_word' id='word_1_165' title='bbox 1681 3182 1790 3249; x_wconf 76' lang='lat' dir='ltr'><strong>ipse</strong></span> <span class='ocrx_word' id='word_1_166' title='bbox 1822 3178 1921 3231; x_wconf 62' lang='grc' dir='ltr'><strong>Μ).</strong></span> <span class='ocrx_word' id='word_1_167' title='bbox 2019 3181 2234 3236; x_wconf 41' lang='lat' dir='ltr'><strong>licuit</strong></span> 
     </span>
     <span class='ocr_line' id='line_1_27' title="bbox 617 3250 2235 3321; baseline 0.001 -16"><span class='ocrx_word' id='word_1_168' title='bbox 617 3268 724 3305; x_wconf 82' lang='lat' dir='ltr'><strong>o.</strong></span> <span class='ocrx_word' id='word_1_169' title='bbox 746 3251 837 3317; x_wconf 71' lang='grc'><strong>(3.1,</strong></span> <span class='ocrx_word' id='word_1_170' title='bbox 875 3251 940 3302; x_wconf 78' lang='lat' dir='ltr'><strong>ad</strong></span> <span class='ocrx_word' id='word_1_171' title='bbox 979 3264 1141 3317; x_wconf 76' lang='lat' dir='ltr'><strong>marg.</strong></span> <span class='ocrx_word' id='word_1_172' title='bbox 1181 3264 1307 3317; x_wconf 84' lang='lat' dir='ltr'><strong>pon.</strong></span> <span class='ocrx_word' id='word_1_173' title='bbox 1347 3251 1415 3303; x_wconf 77' lang='lat' dir='ltr'><strong>M.</strong></span> <span class='ocrx_word' id='word_1_174' title='bbox 1565 3251 1857 3321; x_wconf 84' lang='lat' dir='ltr'><strong>[inseript.]</strong></span> <span class='ocrx_word' id='word_1_175' title='bbox 1900 3250 1982 3303; x_wconf 79' lang='lat' dir='ltr'><strong>De</strong></span> <span class='ocrx_word' id='word_1_176' title='bbox 2011 3252 2235 3307; x_wconf 66' lang='lat' dir='ltr'><strong>diversis</strong></span> 
     </span>
     <span class='ocr_line' id='line_1_28' title="bbox 611 3322 1819 3394; baseline -0.002 -18"><span class='ocrx_word' id='word_1_177' title='bbox 611 3326 798 3394; x_wconf 70' lang='lat' dir='ltr'><strong>poenis</strong></span> <span class='ocrx_word' id='word_1_178' title='bbox 835 3324 1054 3391; x_wconf 72' lang='lat' dir='ltr'><strong>inferni.</strong></span> <span class='ocrx_word' id='word_1_179' title='bbox 1076 3322 1144 3374; x_wconf 75' lang='grc' dir='ltr'><strong>Μ.</strong></span> <span class='ocrx_word' id='word_1_180' title='bbox 1298 3324 1382 3375; x_wconf 83' lang='grc'><strong>18.</strong></span> <span class='ocrx_word' id='word_1_181' title='bbox 1417 3331 1591 3375; x_wconf 69' lang='lat' dir='ltr'><strong>autem</strong></span> <span class='ocrx_word' id='word_1_182' title='bbox 1624 3336 1729 3377; x_wconf 83' lang='lat' dir='ltr'><strong>om.</strong></span> <span class='ocrx_word' id='word_1_183' title='bbox 1759 3322 1819 3374; x_wconf 86' lang='lat' dir='ltr'><strong>C.</strong></span> 
     </span>
    </p>
   </div>
   <div class='ocr_carea' id='block_1_7' title="bbox 2468 1799 2479 3969">
    <p class='ocr_par' dir='ltr' id='par_1_7' title="bbox 2468 1799 2479 3969">
     <span class='ocr_line' id='line_1_29' title="bbox 2468 1799 2479 3969; baseline 0 0"><span class='ocrx_word' id='word_1_184' title='bbox 2468 1799 2479 3969; x_wconf 95' lang='lat' dir='ltr'><strong> </strong></span> 
     </span>
    </p>
   </div>
  </div>
 </body>
</html>
