2507 4119
695 431 766 468 nn
807 431 960 470 eom.
998 431 1190 470 nuum.
1229 431 1340 470 mn.
1377 432 1419 469 1.
1794 419 1867 470 41

254 553 561 618 dimiserit
597 571 855 617 uxorem
902 571 1109 633 suum,
1158 555 1279 616 nisi
1322 554 1403 618 ob
1450 554 1867 618 fornificatio-

248 665 350 729 nis
398 683 691 739 causam,
737 667 882 730 facit
925 686 1064 732 enm
1105 667 1457 745 moechari,
1500 673 1563 729 et
1602 667 1703 747 qui
1760 666 1865 730 di-

249 776 504 840 missam
551 776 828 851 duxerit,
871 777 1281 841 moechatum·
1368 776 1547 850 Quod
1590 777 1643 838 si
1704 793 1863 840 uxor

249 902 287 948 u
332 887 470 949 viro
515 884 897 964 discesserit,
940 902 1194 948 manere
1237 884 1427 946 debet
1468 886 1714 966 innupta
1756 890 1862 948 aut

247 994 390 1058 viro
432 1012 548 1058 suo
579 995 1027 1074 reconciliari.b
1085 993 1375 1060 Similiter
1398 999 1460 1056 et
1485 994 1601 1071 vir,
1646 996 1701 1056 si
1722 995 1857 1058 dis-
1881 1009 1913 1055 e

249 1102 515 1165 cesserit
559 1104 636 1166 ab
680 1121 898 1166 uxore.
1005 1103 1209 1166 Grave
1253 1102 1435 1165 nimis
1480 1108 1575 1166 est
1616 1100 1859 1182 pondus

252 1207 550 1291 coniugii.
654 1210 806 1273 Nam
851 1215 949 1286 (ut
1006 1209 1202 1290 inquit
1256 1208 1576 1284 Salomon)
1642 1208 1857 1271 stultus

250 1322 351 1380 est
405 1323 467 1380 et
515 1317 734 1400 impius
780 1326 916 1398 est,
979 1322 1082 1400 qui
1124 1325 1297 1382 tenet
1349 1318 1744 1396 adulteram,⁰
1796 1322 1859 1380 et

242 1417 544 1505 patronus
609 1432 706 1490 est
760 1427 1186 1509 turpitudinis,
1235 1427 1340 1508 qui
1400 1426 1560 1490 celat
1618 1425 1855 1489 crimen

238 1534 482 1597 uxoris.
587 1535 651 1600 Si
694 1552 846 1598 vero
892 1534 1132 1598 dimittit
1189 1535 1558 1614 adulteram,
1620 1535 1853 1614 absque
1880 1557 1939 1602 ω

237 1642 341 1707 sui
390 1642 565 1724 culpa
609 1644 886 1725 punitur,
935 1645 1222 1726 quoniam
1280 1643 1385 1708 illa
1446 1645 1691 1707 vivente
1736 1660 1855 1705 oo-

240 1751 415 1836 gitur
478 1753 836 1831 continere,
903 1758 1154 1833 propter
1215 1752 1380 1833 quod
1443 1758 1505 1815 et
1570 1747 1855 1831 discipuli

244 1858 477 1922 Christi
499 1859 817 1924 dixerunt:
863 1859 928 1924 Si
959 1860 1046 1924 ita
1077 1865 1174 1922 est
1203 1877 1391 1924 causa
1417 1859 1685 1922 hominis
1714 1875 1854 1922 cum

242 1985 477 2048 uxore,
517 1985 646 2032 nou
707 1968 958 2050 expedit
1001 1968 1299 2032 nubere.‘¹
1384 1969 1535 2042 Quis
1583 1984 1852 2047 unquam

241 2076 688 2155 aequanimiter
729 2076 924 2158 potuit
965 2076 1274 2141 sustinere
1312 2075 1618 2139 rivalem?
1703 2072 1850 2138 Sola
1876 2096 1934 2145 1⁵

239 2182 516 2262 suspicio
559 2182 907 2264 zelotypum
950 2183 1349 2248 vehementer
1394 2180 1636 2267 affligit.
1694 2181 1851 2245 Nem

141 2313 148 2318 ·
235 2289 388 2354 licet
430 2291 723 2372 seriptum
771 2292 882 2355 sit:
928 2298 1106 2356 erunt
1147 2292 1271 2357 duo
1316 2294 1379 2354 in
1425 2309 1613 2355 cerne
1656 2305 1851 2367 une;⁰
1928 2352 1943 2362 .

237 2398 410 2477 zelus
458 2405 664 2464 temen
705 2399 823 2464 viri
869 2397 1025 2464 duos
1063 2400 1128 2465 in
1167 2418 1291 2463 una
1334 2417 1525 2465 carne
1566 2416 1697 2463 non
1733 2417 1851 2480 pu-

237 2508 404 2572 titur.

389 2666 443 2735 a)
489 2664 667 2716 matth.
705 2664 870 2727 5‚32.
1015 2664 1076 2728 b)
1110 2662 1154 2716 1.
1171 2662 1294 2715 Cor.
1312 2662 1363 2729 ⁷,
1384 2663 1468 2714 11.
1614 2664 1666 2733 e)
1690 2662 1849 2715 Prov.

249 2734 335 2799 18,
371 2736 462 2789 22.
607 2734 664 2809 d)
700 2735 880 2787 matth.
917 2735 1002 2801 19,
1043 2736 1127 2790 10.
1272 2738 1325 2805 e)
1361 2734 1490 2787 Gen.
1528 2735 1580 2801 2,
1612 2734 1702 2786 24.

244 2920 296 2971 5.
337 2919 590 2971 Similiter
639 2927 688 2970 et
734 2920 847 2985 eir,
899 2918 948 2971 ei
993 2918 1285 2970 discesserit
1330 2919 1396 2970 ab
1442 2934 1609 2970 mre
1646 2932 1751 2970 om.
1790 2920 1847 2971 J.

246 2991 300 3043 7.
341 2997 397 3040 at
431 2990 596 3056 inquit
633 2988 884 3041 Salomon
918 3004 1022 3039 om.
1047 2992 1119 3042 Μ.
1153 2988 1340 3041 stultus
1380 2998 1429 3041 et
1464 2991 1649 3058 impius
1670 2999 1745 3042 eet
1772 2992 1847 3057 Μ,

240 3060 423 3112 stultus
463 3069 536 3111 est
578 3068 628 3111 et
665 3062 858 3129 'impius
895 3058 1054 3113 GavJ.
1244 3061 1325 3113 10.
1364 3062 1425 3112 Si
1462 3064 1609 3131 vero]
1656 3062 1763 3113 Sed
1796 3070 1849 3114 et

240 3132 288 3183 ei
323 3132 397 3182 M.
605 3132 687 3183 13.
733 3132 942 3183 Christo
977 3134 1046 3183 M.
1105 3133 1168 3184 Si
1201 3132 1344 3184 iusta
1380 3132 1727 3203 (aupes-pseu)
1768 3134 1846 3185 M.

243 3218 358 3253 eum
390 3218 557 3254 uxore
594 3206 708 3253 om?
734 3201 784 3254 J.
961 3202 1046 3254 18.
1083 3206 1143 3255 in
1183 3219 1347 3255 earne
1383 3219 1494 3254 una
1528 3206 1601 3255 M.
