2507 4119
637 451 710 508 92
1159 463 1475 504 innocui-11
1516 465 1599 502 rr.
1636 466 1725 504 m.

637 588 912 654 masculo
989 593 1052 652 et
1113 588 1316 652 coitus
1387 587 1655 652 hominis
1730 606 1868 653 cum
1934 590 2245 654 lumento.

637 698 743 762 Sic
786 699 950 760 enim
1003 696 1230 781 legitur
1286 696 1349 758 in
1394 695 1707 760 Levitico:
1774 696 1921 762 Cum
1966 698 2257 763 masculo

637 825 764 870 non
797 804 1300 874 commisceberis
1342 806 1511 868 coitu
1536 805 1870 887 foemineo,
1904 807 2045 887 quia
2082 806 2259 871 abo-

640 914 894 979 minatio
939 920 1068 994 est,
1131 931 1268 977 cum
1314 914 1481 976 omni
1543 929 1775 994 pecore
1828 931 1957 976 non
2018 914 2252 997 coibis,

591 1038 620 1086 a
641 1041 759 1088 nec
804 1024 1210 1088 maculaberis
1257 1040 1395 1086 cum
1440 1035 1573 1086 oo.¹²
1632 1023 1885 1103 Utrique
1906 1040 2017 1104 par
2041 1041 2257 1104 poena

639 1133 1065 1196 subscribitur.
1190 1132 1308 1206 Qui
1374 1131 1735 1209 dormierit,
1802 1132 1996 1213 inquit
2017 1177 2037 1210 ‚
2108 1150 2251 1195 cum

637 1240 914 1303 masculo
957 1239 1125 1302 coitu
1167 1238 1502 1322 foemineo,
1546 1241 1789 1323 utrique
1832 1242 2071 1322 operati
2107 1247 2254 1305 sunt

639 1347 842 1429 nefim,
891 1355 1088 1412 morte
1129 1345 1503 1430 moriantur,
1547 1368 1737 1430 pecus
1779 1365 2024 1432 quoque
2068 1349 2255 1412 occi-

643 1455 820 1521 dite.¹³
897 1457 1012 1533 Qui
1053 1457 1240 1521 habet
1288 1473 1471 1521 aures
1512 1457 1750 1535 audiat,
1798 1455 1921 1520 imo
1979 1457 2083 1539 qui
2128 1457 2251 1522 de-

561 1570 618 1619 ¹⁰
637 1563 810 1648 sipit,
857 1563 1204 1643 resipiscat.

1266 1806 1414 1861 cAP.
1462 1807 1625 1860 XXV.

1066 1949 1152 2001 Dc
1183 1963 1367 2016 poena
1402 1947 1559 2000 hulam
1592 1949 1833 2001 sceleris.

811 2095 1012 2158 Poena
1063 2094 1309 2175 docuit,
1356 2094 1501 2178 quid
1552 2093 1711 2159 haec
1766 2095 1940 2176 culpa
1994 2114 2251 2178 prome-

646 2200 800 2264 ruit:
841 2202 994 2263 Pluit
1041 2202 1202 2264 enim
1253 2203 1538 2266 dominus
1585 2221 1773 2282 super
1818 2202 2149 2267 Sodomam
2193 2208 2255 2268 et

647 2306 1054 2372 Gomorrham
1101 2310 1353 2391 sulphur
1394 2316 1455 2373 et
1493 2311 1699 2392 ignem
1732 2310 1812 2373 dc
1836 2310 2071 2374 coelo.⁰
2118 2312 2254 2377 No-

643 2416 756 2481 luit
819 2418 980 2482 enim
1041 2418 1324 2481 dominus
1387 2418 1669 2499 cuiquam
1731 2418 2095 2504 angelorum
2152 2418 2256 2484 vel

565 2538 619 2587 ¹5
647 2527 960 2591 hominum
1006 2530 1433 2591 executionem
1478 2528 1657 2591 huius
1680 2546 1921 2609 poenae
1966 2530 2255 2593 commit-

649 2644 820 2717 tere,
865 2638 977 2701 sed
1019 2636 1140 2715 sihi
1196 2635 1315 2716 ipsi
1362 2635 1693 2699 vindictam
1752 2630 1932 2701 buius
1990 2637 2255 2703 sceleris

645 2745 1011 2823 reservavit,
1055 2743 1393 2809 secundum
1437 2742 1621 2805 illudz
1664 2742 1799 2807 Mea
1836 2749 1932 2807 est
1970 2744 2147 2825 ultio,
2192 2750 2257 2807 et

789 2890 842 2956 a)
882 2887 1054 2939 Lavit.
1097 2889 1182 2951 18,
1212 2888 1443 2941 22-23.
1599 2886 1656 2957 b)
1694 2884 1865 2939 Levit.
1904 2886 1995 2950 20,
2040 2888 2125 2941 13.
2170 2888 2253 2941 15.

646 2964 698 3027 c)
719 2957 849 3009 Gen.
894 2958 978 3022 19,
1013 2957 1101 3010 24.

787 3148 842 3197 4.
883 3143 1022 3193 omni
1057 3156 1158 3193 om.
1183 3144 1256 3195 Μ.
1294 3157 1488 3210 pecore
1524 3140 1661 3191 enim
1702 3141 1777 3193 M.
1958 3139 2012 3193 8.
2048 3140 2249 3193 moria-

656 3223 741 3266 tur
777 3214 908 3265 θεν.
951 3215 1038 3281 qui
1073 3230 1187 3265 cum
1221 3215 1449 3265 iumento
1486 3212 1773 3275 dormierit,
1808 3219 1971 3262 morte
1994 3214 2253 3263 moriatur

650 3284 770 3337 add.
798 3285 844 3338 J.
1011 3286 1093 3336 13.
1132 3285 1307 3353 ignem
1344 3301 1381 3335 a
1414 3284 1621 3335 domino
1658 3282 1722 3335 de
1761 3282 1905 3334 coelo
1942 3281 2046 3347 CJ,
2081 3298 2116 3332 a
2154 3284 2249 3334 do-

647 3358 788 3408 mino
827 3371 1040 3423 superp.
1065 3356 1140 3408 M.
1329 3355 1411 3406 16.
1468 3370 1692 3424 poenam
1746 3362 1795 3406 ee
1842 3352 2127 3405 vindictam
2177 3353 2257 3405 Μ.
