2507 4119
715 461 784 499 υι
821 461 974 498 conr.
1008 461 1202 498 tunm.
1240 461 1351 498 ιη.
1369 462 1436 498 11.
1782 444 1885 498 10⁹

271 586 396 650 deo
416 631 436 664 ,
481 586 818 649 secundum
864 586 1015 649 illud
1072 585 1533 667 propheticum:
1594 584 1717 665 Ipsi
1774 601 1889 646 re·-

267 700 650 777 gnaverunt,
697 700 758 758 et
802 711 927 756 non
983 712 1064 756 ex
1103 711 1201 755 me
1219 739 1238 772 ,
1291 692 1605 773 principes
1652 690 1887 754 extite-

263 807 452 879 runt,
497 806 560 881 et
599 817 727 862 non
773 800 1043 890 cognovi
1091 812 1257 862 eos.⁸

879 1015 1024 1066 CAP.
1059 1014 1291 1068 XXXVI.

597 1138 678 1188 De
710 1115 1128 1203 proprietatibus
1161 1134 1558 1202 ammutium.

445 1273 756 1354 Superbus
800 1281 1000 1336 autem
1057 1281 1218 1338 amat
1262 1273 1489 1356 primas
1549 1272 1878 1336 cathedras

269 1388 338 1448 in
383 1385 720 1467 synagogis
773 1391 834 1448 et
898 1384 1128 1464 primos
1172 1384 1486 1446 recubitus
1530 1383 1594 1443 in
1642 1381 1933 1459 coenis,⁵

271 1493 676 1558 salutationes
736 1493 798 1555 in
855 1493 995 1555 foro
1045 1498 1106 1555 et
1151 1493 1365 1555 vocari
1408 1492 1485 1554 ab
1527 1490 1881 1554 hominibus

271 1603 522 1668 Rabbie
593 1603 731 1666 Non
771 1602 1022 1664 nomine
1063 1619 1409 1682 personae,
1471 1601 1583 1664 sed
1629 1599 1881 1663 nomine

271 1715 562 1780 fortunae
606 1711 730 1775 vult
771 1711 1085 1793 appellari,
1133 1729 1261 1773 non
1302 1717 1369 1773 ut
1405 1710 1615 1789 homo,
1659 1708 1772 1772 sed
1814 1715 1885 1771 ut

273 1824 560 1888 dominus
597 1823 732 1885 'vult
775 1822 1091 1885 honorari.
1181 1820 1370 1884 Sedet
1417 1819 1727 1898 sublimiS‚
1774 1821 1880 1882 in-
1941 1854 1953 1864 =

271 1933 440 1994 cedit
505 1932 823 2012 excelsuS‚
878 1930 1004 1992 vult
1067 1928 1188 1992 sibi
1246 1946 1460 1991 omnes
1519 1945 1875 2011 assurgere,
1902 1939 1963 1984 ιο

267 2040 552 2125 singulos
611 2040 928 2104 inclinare.
1039 2039 1231 2103 Porro
1292 2037 1533 2120 quidam
1594 2035 1878 2118 philoso-

265 2150 425 2231 phus
454 2149 668 2213 volens
698 2149 1114 2230 arrogantiam
1155 2146 1473 2210 cuiusdam
1518 2144 1687 2226 regis
1732 2143 1880 2206 illu-

270 2258 448 2335 dere,
493 2276 628 2321 cum
672 2258 932 2321 vidisset
974 2275 1109 2319 eum
1158 2258 1220 2317 in
1268 2256 1492 2317 throno
1528 2253 1726 2335 regali
1767 2270 1879 2315 se-

269 2367 422 2451 dere
467 2367 816 2444 sublimem,
863 2371 1203 2446 prostratus
1251 2365 1317 2426 in
1370 2371 1593 2427 terram
1639 2360 1875 2443 suppli-

267 2476 424 2538 citer
481 2474 794 2554 adoravit,
838 2480 898 2537 et
943 2474 1306 2552 confestim,
1372 2490 1497 2535 non
1560 2472 1873 2551 invitatus,
1902 2475 1960 2521 ¹⁵

265 2579 616 2645 ascendens
659 2581 826 2643 iuxta
870 2598 1084 2662 regem
1129 2579 1433 2642 consedit.
1534 2575 1713 2652 Quod
1759 2596 1877 2643 rex

264 2688 669 2751 vehementer
708 2687 1056 2761 adruinum,
1120 2704 1196 2749 eo
1253 2685 1419 2766 quod
1476 2691 1691 2747 nosset
1734 2700 1875 2750 eum

265 2813 410 2859 esse
440 2795 888 2877 philosophum,
931 2812 1123 2877 quare
1159 2796 1283 2856 hoc
1324 2793 1547 2875 egerit,
1592 2792 1875 2875 exquisi-

263 2907 374 2969 vit.
462 2906 867 2987 Philosophus
925 2920 1078 2986 ergo
1131 2902 1480 2984 respondit:
1542 2905 1662 2965 Aut
1712 2901 1873 2965 deus

261 3034 356 3095 es,
403 3020 507 3078 aut
549 3014 766 3077 homo:
813 3014 866 3076 si
911 3012 1084 3091 dem,
1132 3011 1317 3074 debui
1360 3017 1423 3074 te
1468 3011 1767 3092 adorare,
1816 3011 1957 3074 si2⁰

405 3153 460 3222 a)
497 3148 638 3202 Osee
673 3148 728 3212 8,
765 3148 818 3201 4.
962 3147 1020 3218 b)
1060 3146 1239 3199 matth.
1280 3146 1369 3209 23,
1406 3145 1565 3199 6-7.

405 3289 454 3339 5.
509 3295 559 3337 ct
603 3302 707 3337 om.
748 3287 812 3337 Μ.
1025 3289 1103 3338 11.
1156 3284 1491 3356 philosophus
1538 3284 1748 3351 quidam
1795 3286 1869 3337 Μ.

268 3362 352 3414 17.
389 3376 452 3412 eo
487 3358 628 3427 quod
662 3360 819 3411 wirot
852 3357 998 3411 illum
1038 3359 1108 3419 Μ.
