2507 4119
605 411 678 466 88
1119 421 1435 462 innocui-ru
1476 423 1561 463 rr.
1600 423 1689 462 m.

602 553 750 626 tum,
813 545 1226 628 quodcunque
1284 545 1507 610 fecerit
1542 545 1769 624 bomo,
1820 553 1995 611 extra
2039 563 2221 612 suum

603 671 830 735 corpus
875 658 1006 732 est,
1053 653 1156 734 qui
1203 660 1406 716 autem
1452 654 1829 735 fornicatur,
1876 655 1943 718 iu
1988 671 2219 736 corpus

599 778 777 826 suum
817 768 1090 843 peccat.⁸
1139 762 1399 843 Semper
1426 761 1592 825 illam
1616 763 1999 844 praecedunt
2022 763 2219 827 ardor

605 877 668 936 et
722 871 1055 955 petulantia
1077 923 1096 954 ,
1153 888 1400 951 semper
1462 870 1833 936 comitantur
1892 873 2101 936 foetor
2154 877 2221 935 et

549 997 580 1044 ο
607 979 1006 1057 immunditia,
1052 984 1393 1059 sequuntur
1432 996 1679 1059 semper
1720 979 1903 1042 dolor
1944 985 2007 1042 et
2051 997 2215 1060 poe-

603 1088 878 1152 nitentia.
977 1087 1174 1150 Favus
1235 1087 1399 1150 enim
1448 1087 1679 1168 (inquit
1729 1086 2055 1164 Salomon)
2114 1088 2217 1150 di-

603 1195 842 1260 stillans
881 1194 1045 1259 labia
1085 1194 1453 1274 meretricis,
1498 1200 1563 1258 et
1600 1195 1853 1259 nitidius
1878 1196 2023 1260 oleo
2066 1204 2215 1278 gut-

603 1305 702 1364 tur
744 1303 896 1366 eius,
961 1302 1312 1366 Novissima
1360 1308 1559 1366 autem
1600 1303 1763 1366 illius
1803 1322 2013 1368 amara
2054 1307 2214 1368 sicut

603 1412 1011 1491 absinthium,
1055 1418 1118 1476 et
1159 1412 1371 1494 lingua
1420 1411 1554 1475 eius
1596 1418 1775 1476 acuta
1824 1414 2005 1493 quasi
2065 1414 2209 1498 gla-

522 1534 578 1581 1o
603 1521 740 1584 dius
780 1521 1045 1603 biceps.b

1224 1735 1374 1788 CAP.
1418 1735 1579 1788 xxu.

1015 1849 1102 1900 De
1129 1848 1489 1914 amr-alitam
1520 1849 1796 1902 lamae.

771 1967 1110 2031 Familiaris
1179 1976 1275 2032 est
1334 1969 1659 2048 inimicust,
1728 1967 2015 2033 habitans
2085 1987 2211 2033 non

599 2076 855 2158 procul,
899 2076 1014 2139 sed
1058 2094 1288 2158 prope,
1335 2088 1491 2139 non·
1521 2078 1826 2157 exter-ine,
1886 2080 2002 2141 scd
2046 2079 2215 2161 inte-5

601 2184 752 2247 rius,
855 2184 1009 2246 Nam
1059 2185 1252 2248 virtus
1314 2186 1447 2249 cius
1510 2186 1575 2247 in
1642 2186 1861 2249 lumbis
1928 2187 2090 2267 eius,
2152 2192 2214 2251 ct

603 2294 900 2357 fortitudo
945 2295 1078 2357 eius
1121 2294 1186 2355 in
1213 2294 1507 2357 umbilico
1538 2296 1773 2359 ventris
1802 2295 1985 2359 eius.‹=
2038 2296 2213 2361 Nun-

519 2409 577 2461 15
605 2420 784 2484 quam
843 2403 1119 2484 fugatur,
1185 2402 1309 2465 nisi
1374 2421 1512 2465 cum
1562 2401 1835 2485 fugitur,
1902 2422 2212 2487 nunquam

603 2516 940 2587 mactatur,
986 2510 1108 2574 nisi
1167 2528 1302 2573 cum
1360 2517 1725 2575 maceratur.
1811 2512 1913 2575 Ad
1961 2532 2212 2579 causam

609 2620 804 2703 exigit
842 2619 1189 2683 libertatem
1218 2626 1282 2683 et
1322 2620 1781 2701 abundantiam,
1822 2621 1936 2685 sed
1955 2625 2214 2705 requirit

605 2726 688 2791 ad
739 2728 1024 2794 effectum
1069 2727 1417 2793 facultatem
1460 2734 1524 2792 et
1550 2727 1978 2795 adiacentiam.
2040 2734 2214 2797 Haec

606 2936 677 2989 4⁰
743 2868 805 2987 H
849 2865 889 2917 1.
910 2865 1032 2918 Cor.
1070 2864 1233 2933 6,18.
1363 2868 1421 2937 b)
1460 2868 1614 2920 Prov.
1641 2870 1695 2934 5,
1717 2868 1878 2923 3-4.
2025 2874 2083 2941 c)
2120 2870 2217 2925 Job

679 2973 697 3001 ,
811 2972 828 2988 .

759 3112 805 3161 1.
846 3111 1180 3178 quodcunque
1229 3115 1437 3182 feccrit]
1484 3113 1618 3181 quod
1668 3113 1803 3180 facit
1857 3110 1947 3167 GJ.
2030 3129 2217 3183 coquas

605 3198 756 3235 suum
791 3180 904 3235 Mc.
1067 3182 1120 3235 ⁵.
1159 3198 1362 3251 semper
1396 3192 1681 3250 sequuntur
1716 3184 1793 3235 Μ.
1956 3183 2011 3237 6.
2046 3184 2215 3251 inquit

607 3253 859 3307 salomon
895 3268 998 3305 om.
1020 3254 1095 3306 M.
1203 3252 1263 3306 9.
1284 3254 1469 3321 linqua
1502 3256 1613 3307 eius
1650 3268 1753 3305 om.
1776 3255 1873 3309 MJ.
1988 3256 2212 3323 14401-
2244 3262 2252 3276 ·

609 3324 771 3377 titudo
805 3323 946 3377 itlius
984 3327 1059 3377 M.
1211 3324 1297 3378 17.
1335 3326 1577 3395 requirit]
1615 3327 1813 3396 reperit
1846 3326 1963 3378 ΙΙΔ.
