2507 4119
491 400 498 406 '
584 404 658 458 32
1107 415 1423 454 tuocum
1466 416 1545 452 rr.
1584 415 1672 453 nr.

587 541 923 616 sectentur,
953 544 1022 600 ut
1062 537 1333 602 honores
1375 537 1716 620 acquirant,
1759 541 1825 598 ut
1850 533 2183 620 dignitates

587 644 918 722 extollant,
967 650 1032 707 ut
1087 651 1422 726 potestates
1486 645 1857 722 extendant,
1908 650 1969 705 et
2032 641 2189 706 haec

589 769 831 834 quoque
877 751 1057 816 labor
1113 760 1176 815 et
1241 755 1461 816 mentis
1530 753 1805 816 afflictio.
1910 751 1977 815 Si
2039 749 2193 812 mihi

587 875 715 921 non
745 857 1035 939 creditur,
1066 859 1383 924 Salomoni
1410 859 1730 924 credatur:
1772 857 2187 941 magnificavi,

537 968 822 1048 sinquit,
882 985 1069 1048 opera
1131 987 1306 1032 mea:
1374 967 1696 1031 aedificavi
1752 967 1901 1030 mihi
1966 966 2191 1030 domos

593 1083 654 1140 et
694 1076 961 1156 plantavi
1005 1078 1153 1140 mihi
1196 1081 1433 1152 vineaS,
1474 1077 1597 1142 feci
1626 1077 1841 1140 hortos
1870 1081 1932 1138 et
1971 1093 2196 1156 poma-

589 1185 707 1259 ria,
751 1185 1004 1248 consevi
1050 1203 1124 1248 ea
1167 1185 1373 1248 cuncti
1410 1183 1663 1268 generis
1690 1181 2039 1259 arboribus,
2079 1198 2197 1244 ex-

591 1293 754 1357 traxi
818 1293 964 1357 mihi
1023 1294 1295 1374 piscinas
1353 1310 1678 1374 aquarum,
1744 1296 1810 1354 ut
1865 1289 2196 1371 irrigarem

594 1381 829 1484 sylvam
875 1403 1180 1486 lignorum
1217 1400 1711 1484 germinantium,
1756 1398 2008 1480 possedi
2052 1415 2195 1460 ser-

515 1529 572 1576 to
593 1527 708 1572 vos
754 1515 818 1571 et
862 1508 1153 1587 ancillaS,
1216 1509 1581 1590 multamque
1636 1509 1923 1582 familiam
1986 1505 2195 1586 habui,

596 1623 866 1681 armenta
931 1635 1173 1699 quoque
1233 1626 1295 1682 et
1351 1635 1610 1702 magnos
1664 1617 1866 1680 ovium
1923 1631 2195 1698 gregeS,

595 1725 752 1789 ultra
795 1741 1009 1789 omnes
1055 1726 1157 1807 qui
1199 1727 1442 1791 fueraut
1483 1732 1623 1790 ante
1661 1743 1762 1788 me
1802 1724 1868 1787 in
1902 1723 2201 1786 Hierusa-

593 1833 732 1896 lem.
822 1833 1202 1898 Coacervavi
1262 1835 1407 1898 mihi
1466 1852 1679 1898 aurum
1736 1839 1797 1895 et
1850 1837 2195 1913 argentum,

598 1950 662 2008 et
707 1944 1076 2008 substantias
1117 1964 1336 2031 regum
1384 1951 1447 2008 et
1496 1945 1969 2026 provinciarum.
2052 1943 2201 2006 Feci

517 2064 572 2109 ¹⁵
596 2053 743 2115 mihi
789 2059 1071 2118 cantores
1114 2059 1177 2117 et
1223 2034 1591 2119 cantatrices
1637 2061 1697 2117 et
1736 2053 1993 2117 delicias
2030 2051 2201 2116 filio-

597 2180 730 2225 rum
773 2162 1123 2242 hominum,
1169 2164 1420 2244 sciphos
1466 2170 1527 2227 et
1567 2162 1855 2227 urceolos
1902 2165 1965 2226 in
2009 2162 2203 2225 mini-

601 2270 793 2332 sterio
829 2278 906 2333 ad
935 2272 1080 2335 vina
1119 2271 1454 2352 fundenda,
1480 2278 1541 2335 et
1580 2289 2021 2355 supergressus
2066 2289 2202 2335 sum

605 2378 821 2459 opibus
869 2397 1083 2443 omnes
1130 2381 1233 2462 qui
1282 2387 1423 2444 ante
1460 2400 1559 2444 me
1602 2382 1849 2445 fuerunt
1890 2380 1954 2443 in
1976 2379 2205 2444 Hieru-

601 2486 848 2549 salem·
946 2487 1212 2570 Cumque
1262 2508 1361 2552 me
1421 2490 1866 2553 convertissem
1920 2489 1995 2553 ad
2057 2489 2203 2552 uni-

518 2602 576 2649 20
600 2614 801 2675 versa,
843 2613 998 2677 quae
1037 2595 1317 2677 fecerant
1344 2614 1557 2659 manus
1590 2614 1787 2678 meae,
1824 2603 1885 2660 et
1916 2597 1995 2660 ad
2019 2596 2204 2661 labo-

740 2725 795 2789 a)
833 2719 1011 2772 Eccle.
1051 2724 1104 2787 2,
1143 2719 1306 2774 4-9.

744 2886 796 2938 2.
837 2885 1140 2955 extendam]
1181 2886 1455 2937 ostendant
1490 2884 1539 2937 J.
1660 2884 1713 2937 3.
1750 2883 1901 2935 labor
1938 2891 2014 2935 est
2051 2890 2102 2935 ct
2138 2882 2204 2934 Μ.

602 2957 652 3006 5.
694 2964 743 3006 ct
781 2957 1058 3027 aedificavi
1095 2956 1144 3007 J.
1289 2958 1343 3009 ὃ.
1383 2956 1513 3007 mihi
1551 2970 1654 3005 om.
1699 2954 1795 3006 MJ.
1835 2956 1943 3022 feci
1978 2963 2121 3006 ortos
2157 2958 2207 3004 et

595 3028 836 3095 pomeria
876 3033 926 3077 et
961 3027 1169 3078 comm·
1206 3027 1296 3094 (ad
1320 3042 1484 3097 marg.
1522 3026 1797 3095 fructibus)
1836 3026 2013 3077 cuncti
2046 3040 2205 3093 qene-

601 3099 680 3149 ris
715 3099 984 3151 arborum
998 3097 1065 3149 Μ.
1125 3100 1231 3163 feci
1276 3099 1452 3151 hortos
1488 3107 1537 3150 ct
1579 3098 1817 3166 pomeria
1866 3104 1918 3148 ct
1966 3095 2209 3147 conserui

602 3170 780 3220 cuncti
811 3184 1019 3238 genem
1045 3170 1261 3221 arbom
1294 3169 1341 3221 J.
1448 3170 1503 3223 8.
1542 3170 1830 3236 irriyarcut
1848 3166 1895 3219 J.
2009 3170 2095 3219 11.
2108 3182 2207 3217 ar-

599 3249 870 3308 mentaque
883 3240 944 3293 G.
1023 3250 1045 3257 ··
1097 3241 1178 3292 13.
1219 3249 1491 3311 argentum
1524 3248 1574 3291 et
1610 3256 1795 3293 aarum
1831 3238 1898 3290 Μ.
2013 3239 2101 3292 20.
2121 3242 2207 3307 fc-

602 3323 784 3365 ceram
819 3329 991 3379 meac,
1029 3326 1240 3381 unperp.
1272 3328 1486 3378 manus,
1522 3312 1591 3366 M.
