<?xml version="1.0" encoding="UTF-8"?>
<!DOCTYPE html PUBLIC "-//W3C//DTD XHTML 1.0 Transitional//EN"
    "http://www.w3.org/TR/xhtml1/DTD/xhtml1-transitional.dtd">
<html xmlns="http://www.w3.org/1999/xhtml" xml:lang="en" lang="en">
 <head>
  <title>
</title>
<meta http-equiv="Content-Type" content="text/html;charset=utf-8" />
  <meta name='ocr-system' content='tesseract 3.04.00' />
  <meta name='ocr-capabilities' content='ocr_page ocr_carea ocr_par ocr_line ocrx_word'/>
</head>
<body>
  <div class='ocr_page' id='page_1' title='image "./decontemptumund00achtgoog_0146.png"; bbox 0 0 2507 4119; ppageno 0'>
   <div class='ocr_carea' id='block_1_1' title="bbox 635 411 1729 466">
    <p class='ocr_par' dir='ltr' id='par_1_1' title="bbox 635 411 1729 466">
     <span class='ocr_line' id='line_1_1' title="bbox 635 411 1729 466; baseline -0.001 -4"><span class='ocrx_word' id='word_1_1' title='bbox 635 411 738 466; x_wconf 80' lang='lat'>128</span> <span class='ocrx_word' id='word_1_2' title='bbox 1153 426 1479 466; x_wconf 69' lang='lat' dir='ltr'>innocenti</span> <span class='ocrx_word' id='word_1_3' title='bbox 1521 425 1603 463; x_wconf 67' lang='grc' dir='ltr'><strong>ιη».</strong></span> <span class='ocrx_word' id='word_1_4' title='bbox 1642 427 1729 464; x_wconf 81' lang='lat'>111.</span> 
     </span>
    </p>
   </div>
   <div class='ocr_carea' id='block_1_2' title="bbox 955 629 1951 802">
    <p class='ocr_par' dir='ltr' id='par_1_2' title="bbox 955 629 1951 802">
     <span class='ocr_line' id='line_1_2' title="bbox 1304 629 1566 683; baseline -0.004 -1"><span class='ocrx_word' id='word_1_5' title='bbox 1304 631 1390 683; x_wconf 81' lang='lat' dir='ltr'>CA</span> <span class='ocrx_word' id='word_1_6' title='bbox 1398 629 1449 682; x_wconf 81' lang='grc' dir='ltr'>Ρ.</span> <span class='ocrx_word' id='word_1_7' title='bbox 1500 629 1566 682; x_wconf 89' lang='lat'>11.</span> 
     </span>
     <span class='ocr_line' id='line_1_3' title="bbox 955 750 1951 802; baseline 0.001 -1"><span class='ocrx_word' id='word_1_8' title='bbox 955 752 1041 801; x_wconf 82' lang='lat' dir='ltr'>De</span> <span class='ocrx_word' id='word_1_9' title='bbox 1082 750 1222 802; x_wconf 69' lang='lat' dir='ltr'>trista·</span> <span class='ocrx_word' id='word_1_10' title='bbox 1249 752 1517 802; x_wconf 68' lang='lat' dir='ltr'>memoria</span> <span class='ocrx_word' id='word_1_11' title='bbox 1551 752 1951 802; x_wconf 73' lang='lat' dir='ltr'>damnatorum.</span> 
     </span>
    </p>
   </div>
   <div class='ocr_carea' id='block_1_3' title="bbox 509 883 2251 1721">
    <p class='ocr_par' dir='ltr' id='par_1_3' title="bbox 627 883 2251 1291">
     <span class='ocr_line' id='line_1_4' title="bbox 803 883 2251 968; baseline 0.003 -23"><span class='ocrx_word' id='word_1_12' title='bbox 803 883 1084 948; x_wconf 81' lang='lat' dir='ltr'><strong>Vindicta</strong></span> <span class='ocrx_word' id='word_1_13' title='bbox 1135 886 1342 949; x_wconf 82' lang='lat' dir='ltr'>carnis</span> <span class='ocrx_word' id='word_1_14' title='bbox 1404 886 1575 966; x_wconf 88' lang='lat' dir='ltr'>impii</span> <span class='ocrx_word' id='word_1_15' title='bbox 1622 887 1849 948; x_wconf 82' lang='lat' dir='ltr'>vermis</span> <span class='ocrx_word' id='word_1_16' title='bbox 1898 894 1961 948; x_wconf 87' lang='lat' dir='ltr'>et</span> <span class='ocrx_word' id='word_1_17' title='bbox 2016 888 2251 968; x_wconf 81' lang='lat' dir='ltr'>ignis,·</span> 
     </span>
     <span class='ocr_line' id='line_1_5' title="bbox 633 993 2251 1074; baseline 0.002 -17"><span class='ocrx_word' id='word_1_18' title='bbox 633 1000 894 1074; x_wconf 80' lang='lat' dir='ltr'>uterque</span> <span class='ocrx_word' id='word_1_19' title='bbox 941 993 1202 1074; x_wconf 79' lang='lat' dir='ltr'>duplex,</span> <span class='ocrx_word' id='word_1_20' title='bbox 1260 995 1521 1056; x_wconf 86' lang='lat' dir='ltr'>interior</span> <span class='ocrx_word' id='word_1_21' title='bbox 1568 1001 1630 1056; x_wconf 88' lang='lat' dir='ltr'>et</span> <span class='ocrx_word' id='word_1_22' title='bbox 1674 996 1969 1058; x_wconf 79' lang='lat' dir='ltr'><strong>exterior.</strong></span> <span class='ocrx_word' id='word_1_23' title='bbox 2070 997 2251 1060; x_wconf 83' lang='lat' dir='ltr'>inte-</span> 
     </span>
     <span class='ocr_line' id='line_1_6' title="bbox 627 1101 2249 1184; baseline 0.001 -21"><span class='ocrx_word' id='word_1_24' title='bbox 627 1103 784 1178; x_wconf 86' lang='lat' dir='ltr'>rior,</span> <span class='ocrx_word' id='word_1_25' title='bbox 831 1102 932 1181; x_wconf 87' lang='lat' dir='ltr'>qui</span> <span class='ocrx_word' id='word_1_26' title='bbox 977 1101 1142 1164; x_wconf 89' lang='lat' dir='ltr'>rodit</span> <span class='ocrx_word' id='word_1_27' title='bbox 1175 1109 1237 1163; x_wconf 90' lang='lat' dir='ltr'>et</span> <span class='ocrx_word' id='word_1_28' title='bbox 1282 1105 1403 1165; x_wconf 84' lang='lat' dir='ltr'>urit</span> <span class='ocrx_word' id='word_1_29' title='bbox 1448 1119 1592 1181; x_wconf 84' lang='lat' dir='ltr'>cor,</span> <span class='ocrx_word' id='word_1_30' title='bbox 1640 1102 1933 1180; x_wconf 82' lang='lat' dir='ltr'>exterior,</span> <span class='ocrx_word' id='word_1_31' title='bbox 1978 1103 2082 1184; x_wconf 90' lang='lat' dir='ltr'>qui</span> <span class='ocrx_word' id='word_1_32' title='bbox 2124 1121 2249 1165; x_wconf 88' lang='lat' dir='ltr'>ro·-</span> 
     </span>
     <span class='ocr_line' id='line_1_7' title="bbox 632 1209 2245 1291; baseline 0.003 -21"><span class='ocrx_word' id='word_1_33' title='bbox 632 1209 722 1271; x_wconf 88' lang='lat' dir='ltr'>dit</span> <span class='ocrx_word' id='word_1_34' title='bbox 767 1216 827 1271; x_wconf 88' lang='lat' dir='ltr'>et</span> <span class='ocrx_word' id='word_1_35' title='bbox 883 1210 1004 1270; x_wconf 87' lang='lat' dir='ltr'>urit</span> <span class='ocrx_word' id='word_1_36' title='bbox 1049 1226 1297 1290; x_wconf 83' lang='lat' dir='ltr'>eorpus.</span> <span class='ocrx_word' id='word_1_37' title='bbox 1392 1210 1671 1287; x_wconf 74' lang='lat' dir='ltr'>vermis,</span> <span class='ocrx_word' id='word_1_38' title='bbox 1729 1211 1958 1291; x_wconf 89' lang='lat' dir='ltr'>inquit,</span> <span class='ocrx_word' id='word_1_39' title='bbox 2022 1229 2245 1274; x_wconf 86' lang='lat' dir='ltr'>eorum</span> 
     </span>
    </p>

    <p class='ocr_par' dir='ltr' id='par_1_4' title="bbox 509 1317 2247 1721">
     <span class='ocr_line' id='line_1_8' title="bbox 577 1317 2245 1402; baseline 0.005 -28"><span class='ocrx_word' id='word_1_40' title='bbox 577 1329 606 1374; x_wconf 74' lang='lat'>⁵</span> <span class='ocrx_word' id='word_1_41' title='bbox 631 1334 758 1380; x_wconf 88' lang='lat' dir='ltr'>non</span> <span class='ocrx_word' id='word_1_42' title='bbox 803 1317 1132 1394; x_wconf 56' lang='lat' dir='ltr'>morietur,⁴</span> <span class='ocrx_word' id='word_1_43' title='bbox 1163 1324 1224 1380; x_wconf 90' lang='lat' dir='ltr'>et</span> <span class='ocrx_word' id='word_1_44' title='bbox 1264 1318 1429 1401; x_wconf 81' lang='lat' dir='ltr'>ignis</span> <span class='ocrx_word' id='word_1_45' title='bbox 1466 1336 1591 1380; x_wconf 89' lang='lat' dir='ltr'>non</span> <span class='ocrx_word' id='word_1_46' title='bbox 1638 1323 2079 1402; x_wconf 76' lang='lat' dir='ltr'>extinguetur.¹³</span> <span class='ocrx_word' id='word_1_47' title='bbox 2109 1322 2245 1382; x_wconf 71' lang='lat' dir='ltr'>Da·-</span> 
     </span>
     <span class='ocr_line' id='line_1_9' title="bbox 629 1421 2247 1504; baseline 0.003 -20"><span class='ocrx_word' id='word_1_48' title='bbox 629 1422 720 1484; x_wconf 90' lang='lat' dir='ltr'>bit</span> <span class='ocrx_word' id='word_1_49' title='bbox 766 1421 1048 1484; x_wconf 84' lang='lat' dir='ltr'>dominus</span> <span class='ocrx_word' id='word_1_50' title='bbox 1092 1423 1303 1504; x_wconf 82' lang='lat' dir='ltr'>ignem</span> <span class='ocrx_word' id='word_1_51' title='bbox 1352 1431 1413 1488; x_wconf 82' lang='lat' dir='ltr'>et</span> <span class='ocrx_word' id='word_1_52' title='bbox 1454 1443 1699 1488; x_wconf 78' lang='lat' dir='ltr'>vermes</span> <span class='ocrx_word' id='word_1_53' title='bbox 1740 1425 1803 1486; x_wconf 87' lang='lat' dir='ltr'>in</span> <span class='ocrx_word' id='word_1_54' title='bbox 1850 1444 2071 1488; x_wconf 87' lang='lat' dir='ltr'>carnes</span> <span class='ocrx_word' id='word_1_55' title='bbox 2119 1445 2247 1489; x_wconf 86' lang='lat' dir='ltr'>eo-</span> 
     </span>
     <span class='ocr_line' id='line_1_10' title="bbox 629 1533 2246 1614; baseline 0.001 -20"><span class='ocrx_word' id='word_1_56' title='bbox 629 1549 788 1609; x_wconf 89' lang='lat' dir='ltr'>rum,</span> <span class='ocrx_word' id='word_1_57' title='bbox 831 1536 899 1592; x_wconf 91' lang='lat' dir='ltr'>ut</span> <span class='ocrx_word' id='word_1_58' title='bbox 941 1537 1193 1594; x_wconf 85' lang='lat' dir='ltr'>urantur</span> <span class='ocrx_word' id='word_1_59' title='bbox 1237 1539 1301 1594; x_wconf 87' lang='lat' dir='ltr'>et</span> <span class='ocrx_word' id='word_1_60' title='bbox 1344 1534 1613 1594; x_wconf 86' lang='lat' dir='ltr'>sentiant</span> <span class='ocrx_word' id='word_1_61' title='bbox 1654 1551 1848 1614; x_wconf 87' lang='lat' dir='ltr'>usque</span> <span class='ocrx_word' id='word_1_62' title='bbox 1892 1533 1955 1595; x_wconf 90' lang='lat' dir='ltr'>in</span> <span class='ocrx_word' id='word_1_63' title='bbox 2004 1536 2246 1614; x_wconf 87' lang='lat' dir='ltr'>sempi-</span> 
     </span>
     <span class='ocr_line' id='line_1_11' title="bbox 509 1639 2247 1721; baseline 0.002 -19"><span class='ocrx_word' id='word_1_64' title='bbox 509 1710 514 1718; x_wconf 55' lang='grc'><em>,</em></span> <span class='ocrx_word' id='word_1_65' title='bbox 629 1645 920 1703; x_wconf 55' lang='lat' dir='ltr'>teramus</span> <span class='ocrx_word' id='word_1_66' title='bbox 964 1639 1202 1701; x_wconf 85' lang='lat' dir='ltr'>Vermis</span> <span class='ocrx_word' id='word_1_67' title='bbox 1249 1641 1669 1704; x_wconf 86' lang='lat' dir='ltr'>conscientiae</span> <span class='ocrx_word' id='word_1_68' title='bbox 1714 1641 2247 1721; x_wconf 79' lang='lat' dir='ltr'>tripliciter-lace·-</span> 
     </span>
    </p>
   </div>
   <div class='ocr_carea' id='block_1_4' title="bbox 547 1747 2248 1936">
    <p class='ocr_par' dir='ltr' id='par_1_5' title="bbox 547 1747 2248 1936">
     <span class='ocr_line' id='line_1_12' title="bbox 626 1747 2248 1830; baseline 0 -17"><span class='ocrx_word' id='word_1_69' title='bbox 626 1749 806 1812; x_wconf 85' lang='lat' dir='ltr'>rabit.</span> <span class='ocrx_word' id='word_1_70' title='bbox 894 1747 1150 1829; x_wconf 81' lang='lat' dir='ltr'>Affliget</span> <span class='ocrx_word' id='word_1_71' title='bbox 1203 1750 1537 1824; x_wconf 86' lang='lat' dir='ltr'>memoria,</span> <span class='ocrx_word' id='word_1_72' title='bbox 1580 1769 1719 1813; x_wconf 86' lang='lat' dir='ltr'>sera</span> <span class='ocrx_word' id='word_1_73' title='bbox 1766 1750 2033 1812; x_wconf 77' lang='lat' dir='ltr'>turbabit</span> <span class='ocrx_word' id='word_1_74' title='bbox 2072 1768 2248 1830; x_wconf 86' lang='lat' dir='ltr'>poe-</span> 
     </span>
     <span class='ocr_line' id='line_1_13' title="bbox 547 1852 2243 1936; baseline 0.002 -22"><span class='ocrx_word' id='word_1_75' title='bbox 547 1885 604 1930; x_wconf 75' lang='lat'>10</span> <span class='ocrx_word' id='word_1_76' title='bbox 629 1852 908 1932; x_wconf 83' lang='lat' dir='ltr'>nitentia,</span> <span class='ocrx_word' id='word_1_77' title='bbox 955 1853 1263 1933; x_wconf 83' lang='lat' dir='ltr'>torquebit</span> <span class='ocrx_word' id='word_1_78' title='bbox 1300 1857 1604 1936; x_wconf 85' lang='lat' dir='ltr'>angustia.</span> <span class='ocrx_word' id='word_1_79' title='bbox 1666 1854 1932 1918; x_wconf 82' lang='lat' dir='ltr'>Venient</span> <span class='ocrx_word' id='word_1_80' title='bbox 1974 1855 2136 1917; x_wconf 88' lang='lat' dir='ltr'>enim</span> <span class='ocrx_word' id='word_1_81' title='bbox 2169 1856 2243 1918; x_wconf 84' lang='lat' dir='ltr'>iu</span> 
     </span>
    </p>
   </div>
   <div class='ocr_carea' id='block_1_5' title="bbox 545 1962 2245 2589">
    <p class='ocr_par' dir='ltr' id='par_1_6' title="bbox 545 1962 2245 2589">
     <span class='ocr_line' id='line_1_14' title="bbox 630 1962 2244 2048; baseline 0.001 -23"><span class='ocrx_word' id='word_1_82' title='bbox 630 1963 1071 2048; x_wconf 76' lang='lat' dir='ltr'>cogitationem</span> <span class='ocrx_word' id='word_1_83' title='bbox 1115 1970 1513 2042; x_wconf 85' lang='lat' dir='ltr'>peccatorum</span> <span class='ocrx_word' id='word_1_84' title='bbox 1570 1981 1823 2026; x_wconf 85' lang='lat' dir='ltr'>suorum</span> <span class='ocrx_word' id='word_1_85' title='bbox 1881 1962 2113 2042; x_wconf 87' lang='lat' dir='ltr'>timidi,</span> <span class='ocrx_word' id='word_1_86' title='bbox 2174 1972 2244 2026; x_wconf 89' lang='lat' dir='ltr'>et</span> 
     </span>
     <span class='ocr_line' id='line_1_15' title="bbox 625 2071 2241 2154; baseline 0.001 -21"><span class='ocrx_word' id='word_1_87' title='bbox 625 2073 956 2134; x_wconf 85' lang='lat' dir='ltr'>traducent</span> <span class='ocrx_word' id='word_1_88' title='bbox 996 2071 1134 2135; x_wconf 89' lang='lat' dir='ltr'>illos</span> <span class='ocrx_word' id='word_1_89' title='bbox 1165 2091 1243 2134; x_wconf 82' lang='lat' dir='ltr'>ex</span> <span class='ocrx_word' id='word_1_90' title='bbox 1274 2072 1541 2135; x_wconf 86' lang='lat' dir='ltr'>adverso</span> <span class='ocrx_word' id='word_1_91' title='bbox 1584 2073 1933 2154; x_wconf 77' lang='lat' dir='ltr'>iniquitates</span> <span class='ocrx_word' id='word_1_92' title='bbox 1962 2078 2241 2152; x_wconf 80' lang='lat' dir='ltr'>eorum,‹1</span> 
     </span>
     <span class='ocr_line' id='line_1_16' title="bbox 626 2179 2245 2263; baseline 0.001 -22"><span class='ocrx_word' id='word_1_93' title='bbox 626 2179 940 2242; x_wconf 86' lang='lat' dir='ltr'>dicentes:</span> <span class='ocrx_word' id='word_1_94' title='bbox 1007 2181 1163 2255; x_wconf 86' lang='lat' dir='ltr'>Quid</span> <span class='ocrx_word' id='word_1_95' title='bbox 1227 2182 1459 2263; x_wconf 82' lang='lat' dir='ltr'>profuit</span> <span class='ocrx_word' id='word_1_96' title='bbox 1524 2182 1707 2244; x_wconf 87' lang='lat' dir='ltr'>nobis</span> <span class='ocrx_word' id='word_1_97' title='bbox 1779 2182 2115 2263; x_wconf 76' lang='lat' dir='ltr'>superbia?</span> <span class='ocrx_word' id='word_1_98' title='bbox 2175 2188 2245 2243; x_wconf 87' lang='lat' dir='ltr'>et</span> 
     </span>
     <span class='ocr_line' id='line_1_17' title="bbox 629 2287 2242 2369; baseline 0.002 -20"><span class='ocrx_word' id='word_1_99' title='bbox 629 2288 917 2350; x_wconf 87' lang='lat' dir='ltr'>iactantia</span> <span class='ocrx_word' id='word_1_100' title='bbox 945 2287 1294 2351; x_wconf 76' lang='lat' dir='ltr'>divitiarum</span> <span class='ocrx_word' id='word_1_101' title='bbox 1316 2288 1461 2369; x_wconf 88' lang='lat' dir='ltr'>quid</span> <span class='ocrx_word' id='word_1_102' title='bbox 1483 2290 1741 2351; x_wconf 89' lang='lat' dir='ltr'>contulit</span> <span class='ocrx_word' id='word_1_103' title='bbox 1761 2290 1987 2352; x_wconf 76' lang='lat' dir='ltr'>nobis?</span> <span class='ocrx_word' id='word_1_104' title='bbox 2002 2290 2242 2353; x_wconf 85' lang='lat' dir='ltr'>Trans-</span> 
     </span>
     <span class='ocr_line' id='line_1_18' title="bbox 545 2395 2241 2479; baseline 0.003 -23"><span class='ocrx_word' id='word_1_105' title='bbox 545 2396 831 2471; x_wconf 55' lang='lat' dir='ltr'>wierunt</span> <span class='ocrx_word' id='word_1_106' title='bbox 886 2395 988 2459; x_wconf 87' lang='lat' dir='ltr'>illa</span> <span class='ocrx_word' id='word_1_107' title='bbox 1053 2398 1258 2459; x_wconf 87' lang='lat' dir='ltr'>omnia</span> <span class='ocrx_word' id='word_1_108' title='bbox 1320 2404 1605 2479; x_wconf 82' lang='lat' dir='ltr'>tanquam</span> <span class='ocrx_word' id='word_1_109' title='bbox 1673 2399 1885 2462; x_wconf 85' lang='lat' dir='ltr'>umbra</span> <span class='ocrx_word' id='word_1_110' title='bbox 1952 2405 2014 2461; x_wconf 88' lang='lat' dir='ltr'>et</span> <span class='ocrx_word' id='word_1_111' title='bbox 2073 2400 2241 2464; x_wconf 85' lang='lat' dir='ltr'>sicut</span> 
     </span>
     <span class='ocr_line' id='line_1_19' title="bbox 627 2506 2241 2589; baseline 0.001 -20"><span class='ocrx_word' id='word_1_112' title='bbox 627 2506 844 2585; x_wconf 82' lang='lat' dir='ltr'>navis,</span> <span class='ocrx_word' id='word_1_113' title='bbox 919 2524 1075 2586; x_wconf 86' lang='lat' dir='ltr'>quae</span> <span class='ocrx_word' id='word_1_114' title='bbox 1138 2509 1471 2588; x_wconf 82' lang='lat' dir='ltr'>pertransit</span> <span class='ocrx_word' id='word_1_115' title='bbox 1522 2508 1915 2573; x_wconf 87' lang='lat' dir='ltr'>fluctuantem</span> <span class='ocrx_word' id='word_1_116' title='bbox 1976 2527 2241 2589; x_wconf 83' lang='lat' dir='ltr'>aquam,</span> 
     </span>
    </p>
   </div>
   <div class='ocr_carea' id='block_1_6' title="bbox 625 2652 2239 2795">
    <p class='ocr_par' dir='ltr' id='par_1_7' title="bbox 625 2652 2239 2795">
     <span class='ocr_line' id='line_1_20' title="bbox 771 2652 2239 2730; baseline 0.003 -26"><span class='ocrx_word' id='word_1_117' title='bbox 771 2659 825 2723; x_wconf 85' lang='lat' dir='ltr'>a)</span> <span class='ocrx_word' id='word_1_118' title='bbox 860 2653 1031 2705; x_wconf 90' lang='lat' dir='ltr'>Eccli.</span> <span class='ocrx_word' id='word_1_119' title='bbox 1072 2652 1122 2721; x_wconf 89' lang='grc'>7,</span> <span class='ocrx_word' id='word_1_120' title='bbox 1152 2654 1234 2707; x_wconf 88' lang='grc'>19.</span> <span class='ocrx_word' id='word_1_121' title='bbox 1384 2655 1441 2721; x_wconf 90' lang='lat' dir='ltr'>h)</span> <span class='ocrx_word' id='word_1_122' title='bbox 1481 2656 1651 2707; x_wconf 80' lang='lat' dir='ltr'>Isaiae</span> <span class='ocrx_word' id='word_1_123' title='bbox 1685 2654 1771 2722; x_wconf 86' lang='lat'>66,</span> <span class='ocrx_word' id='word_1_124' title='bbox 1810 2658 1897 2709; x_wconf 73' lang='lat'>24.</span> <span class='ocrx_word' id='word_1_125' title='bbox 2046 2662 2098 2730; x_wconf 86' lang='lat' dir='ltr'>c)</span> <span class='ocrx_word' id='word_1_126' title='bbox 2134 2658 2239 2710; x_wconf 81' lang='lat' dir='ltr'>Ju-</span> 
     </span>
     <span class='ocr_line' id='line_1_21' title="bbox 625 2725 1579 2795; baseline 0.004 -20"><span class='ocrx_word' id='word_1_127' title='bbox 625 2726 736 2778; x_wconf 80' lang='lat' dir='ltr'>dith</span> <span class='ocrx_word' id='word_1_128' title='bbox 779 2727 860 2791; x_wconf 85' lang='lat'>16,</span> <span class='ocrx_word' id='word_1_129' title='bbox 901 2728 988 2775; x_wconf 81' lang='lat'>21.</span> <span class='ocrx_word' id='word_1_130' title='bbox 1135 2725 1191 2793; x_wconf 79' lang='lat' dir='ltr'>d)</span> <span class='ocrx_word' id='word_1_131' title='bbox 1232 2729 1353 2795; x_wconf 85' lang='lat' dir='ltr'>Sap.</span> <span class='ocrx_word' id='word_1_132' title='bbox 1394 2726 1448 2791; x_wconf 81' lang='lat'>4,</span> <span class='ocrx_word' id='word_1_133' title='bbox 1491 2730 1579 2781; x_wconf 84' lang='lat'>20.</span> 
     </span>
    </p>
   </div>
   <div class='ocr_carea' id='block_1_7' title="bbox 628 2864 1050 2877">
    <p class='ocr_par' dir='ltr' id='par_1_8' title="bbox 628 2864 1050 2877">
     <span class='ocr_line' id='line_1_22' title="bbox 628 2864 1050 2877; baseline 0 1242"><span class='ocrx_word' id='word_1_134' title='bbox 628 2864 1050 2877; x_wconf 95' lang='lat' dir='ltr'> </span> 
     </span>
    </p>
   </div>
   <div class='ocr_carea' id='block_1_8' title="bbox 615 2919 2244 3415">
    <p class='ocr_par' dir='ltr' id='par_1_9' title="bbox 615 2919 2244 3415">
     <span class='ocr_line' id='line_1_23' title="bbox 775 2919 2237 2990; baseline 0.002 -21"><span class='ocrx_word' id='word_1_135' title='bbox 775 2923 823 2969; x_wconf 79' lang='lat'>1.</span> <span class='ocrx_word' id='word_1_136' title='bbox 863 2922 1042 2970; x_wconf 70' lang='lat' dir='ltr'>carnis</span> <span class='ocrx_word' id='word_1_137' title='bbox 1080 2930 1155 2971; x_wconf 81' lang='lat' dir='ltr'>est</span> <span class='ocrx_word' id='word_1_138' title='bbox 1190 2919 1238 2970; x_wconf 81' lang='lat' dir='ltr'>J.</span> <span class='ocrx_word' id='word_1_139' title='bbox 1436 2921 1489 2970; x_wconf 81' lang='lat'>2.</span> <span class='ocrx_word' id='word_1_140' title='bbox 1529 2928 1743 2988; x_wconf 72' lang='lat' dir='ltr'>aterque</span> <span class='ocrx_word' id='word_1_141' title='bbox 1780 2920 1967 2990; x_wconf 67' lang='lat' dir='ltr'>duplex·</span> <span class='ocrx_word' id='word_1_142' title='bbox 2000 2936 2127 2987; x_wconf 85' lang='lat' dir='ltr'>pon.</span> <span class='ocrx_word' id='word_1_143' title='bbox 2166 2920 2237 2972; x_wconf 75' lang='lat' dir='ltr'>ad</span> 
     </span>
     <span class='ocr_line' id='line_1_24' title="bbox 623 2991 2239 3057; baseline 0.001 -16"><span class='ocrx_word' id='word_1_144' title='bbox 623 3006 792 3057; x_wconf 82' lang='lat' dir='ltr'>marg.</span> <span class='ocrx_word' id='word_1_145' title='bbox 817 2991 882 3040; x_wconf 79' lang='grc' dir='ltr'>Μ.</span> <span class='ocrx_word' id='word_1_146' title='bbox 925 2992 1149 3042; x_wconf 73' lang='lat' dir='ltr'>interior</span> <span class='ocrx_word' id='word_1_147' title='bbox 1186 3000 1234 3041; x_wconf 89' lang='lat' dir='ltr'>et</span> <span class='ocrx_word' id='word_1_148' title='bbox 1274 2992 1502 3043; x_wconf 70' lang='lat' dir='ltr'>exterior</span> <span class='ocrx_word' id='word_1_149' title='bbox 1540 3006 1641 3041; x_wconf 89' lang='lat' dir='ltr'>om.</span> <span class='ocrx_word' id='word_1_150' title='bbox 1673 2994 1744 3043; x_wconf 83' lang='lat' dir='ltr'>M.</span> <span class='ocrx_word' id='word_1_151' title='bbox 1894 2994 1945 3044; x_wconf 88' lang='grc'>5.</span> <span class='ocrx_word' id='word_1_152' title='bbox 1984 2994 2239 3043; x_wconf 70' lang='lat' dir='ltr'>morietur</span> 
     </span>
     <span class='ocr_line' id='line_1_25' title="bbox 619 3061 2239 3129; baseline 0.001 -18"><span class='ocrx_word' id='word_1_153' title='bbox 619 3064 680 3111; x_wconf 69' lang='grc' dir='ltr'>ὄπ</span> <span class='ocrx_word' id='word_1_154' title='bbox 717 3068 986 3111; x_wconf 77' lang='lat' dir='ltr'>aeternum</span> <span class='ocrx_word' id='word_1_155' title='bbox 1024 3062 1112 3115; x_wconf 83' lang='lat' dir='ltr'>GJ.</span> <span class='ocrx_word' id='word_1_156' title='bbox 1201 3061 1252 3113; x_wconf 83' lang='lat'>7.</span> <span class='ocrx_word' id='word_1_157' title='bbox 1290 3078 1448 3129; x_wconf 75' lang='lat' dir='ltr'>usque</span> <span class='ocrx_word' id='word_1_158' title='bbox 1484 3062 1547 3113; x_wconf 75' lang='lat' dir='ltr'>ad</span> <span class='ocrx_word' id='word_1_159' title='bbox 1567 3076 1728 3129; x_wconf 84' lang='lat' dir='ltr'>marg.</span> <span class='ocrx_word' id='word_1_160' title='bbox 1752 3078 1873 3128; x_wconf 87' lang='lat' dir='ltr'>pon.</span> <span class='ocrx_word' id='word_1_161' title='bbox 1900 3064 1963 3115; x_wconf 81' lang='grc' dir='ltr'>Μ.</span> <span class='ocrx_word' id='word_1_162' title='bbox 2061 3064 2112 3115; x_wconf 88' lang='lat'>8.</span> <span class='ocrx_word' id='word_1_163' title='bbox 2130 3064 2239 3113; x_wconf 73' lang='lat' dir='ltr'>tri-</span> 
     </span>
     <span class='ocr_line' id='line_1_26' title="bbox 618 3132 2242 3201; baseline 0 -20"><span class='ocrx_word' id='word_1_164' title='bbox 618 3132 854 3199; x_wconf 75' lang='lat' dir='ltr'>pliciter]</span> <span class='ocrx_word' id='word_1_165' title='bbox 895 3132 1252 3201; x_wconf 75' lang='lat' dir='ltr'>temporaliter</span> <span class='ocrx_word' id='word_1_166' title='bbox 1291 3133 1350 3187; x_wconf 87' lang='lat' dir='ltr'>C.</span> <span class='ocrx_word' id='word_1_167' title='bbox 1498 3132 1551 3185; x_wconf 87' lang='lat'>9.</span> <span class='ocrx_word' id='word_1_168' title='bbox 1592 3151 1713 3184; x_wconf 79' lang='lat' dir='ltr'>sera</span> <span class='ocrx_word' id='word_1_169' title='bbox 1748 3132 2007 3188; x_wconf 62' lang='lat' dir='ltr'>ommes.</span> <span class='ocrx_word' id='word_1_170' title='bbox 2050 3134 2242 3184; x_wconf 74' lang='lat' dir='ltr'>turba-</span> 
     </span>
     <span class='ocr_line' id='line_1_27' title="bbox 621 3202 2244 3273; baseline 0.001 -20"><span class='ocrx_word' id='word_1_171' title='bbox 621 3204 695 3253; x_wconf 74' lang='lat' dir='ltr'>bit</span> <span class='ocrx_word' id='word_1_172' title='bbox 713 3204 1058 3273; x_wconf 75' lang='lat' dir='ltr'>poenitentia]</span> <span class='ocrx_word' id='word_1_173' title='bbox 1078 3205 1412 3255; x_wconf 72' lang='lat' dir='ltr'>exacerhabt&#39;t</span> <span class='ocrx_word' id='word_1_174' title='bbox 1428 3218 1599 3271; x_wconf 71' lang='lat' dir='ltr'>poena</span> <span class='ocrx_word' id='word_1_175' title='bbox 1614 3208 1675 3268; x_wconf 75' lang='lat' dir='ltr'>A,</span> <span class='ocrx_word' id='word_1_176' title='bbox 1718 3202 2051 3255; x_wconf 69' lang='lat' dir='ltr'>exacerbabit</span> <span class='ocrx_word' id='word_1_177' title='bbox 2063 3220 2244 3272; x_wconf 77' lang='lat' dir='ltr'>poena</span> 
     </span>
     <span class='ocr_line' id='line_1_28' title="bbox 623 3274 2243 3341; baseline 0.002 -19"><span class='ocrx_word' id='word_1_178' title='bbox 623 3274 690 3323; x_wconf 80' lang='lat' dir='ltr'>ad</span> <span class='ocrx_word' id='word_1_179' title='bbox 729 3289 893 3340; x_wconf 78' lang='lat' dir='ltr'>marg.</span> <span class='ocrx_word' id='word_1_180' title='bbox 934 3274 1052 3325; x_wconf 78' lang='lat' dir='ltr'>add.</span> <span class='ocrx_word' id='word_1_181' title='bbox 1094 3276 1160 3328; x_wconf 79' lang='grc' dir='ltr'>Μ.</span> <span class='ocrx_word' id='word_1_182' title='bbox 1357 3278 1437 3325; x_wconf 83' lang='grc'>11.</span> <span class='ocrx_word' id='word_1_183' title='bbox 1477 3275 1535 3324; x_wconf 74' lang='lat' dir='ltr'>in</span> <span class='ocrx_word' id='word_1_184' title='bbox 1571 3276 1884 3341; x_wconf 67' lang='lat' dir='ltr'>cogitatione</span> <span class='ocrx_word' id='word_1_185' title='bbox 1918 3275 1967 3328; x_wconf 88' lang='lat' dir='ltr'>J.</span> <span class='ocrx_word' id='word_1_186' title='bbox 2028 3292 2243 3327; x_wconf 73' lang='lat' dir='ltr'>suorum</span> 
     </span>
     <span class='ocr_line' id='line_1_29' title="bbox 615 3344 1768 3415; baseline 0.002 -20"><span class='ocrx_word' id='word_1_187' title='bbox 615 3354 955 3412; x_wconf 75' lang='lat' dir='ltr'>peccatorum</span> <span class='ocrx_word' id='word_1_188' title='bbox 994 3348 1061 3398; x_wconf 85' lang='grc' dir='ltr'>Μ.</span> <span class='ocrx_word' id='word_1_189' title='bbox 1210 3344 1294 3399; x_wconf 87' lang='grc'>16.</span> <span class='ocrx_word' id='word_1_190' title='bbox 1328 3348 1637 3415; x_wconf 70' lang='lat' dir='ltr'>pertransiit</span> <span class='ocrx_word' id='word_1_191' title='bbox 1679 3345 1768 3398; x_wconf 82' lang='lat' dir='ltr'>CJ.</span> 
     </span>
    </p>
   </div>
  </div>
 </body>
</html>
