2507 4119
708 471 773 508 or.
807 471 962 510 con-r.
1002 471 1190 508 nuum.
1229 471 1339 509 mn.
1378 471 1419 508 1.
1792 459 1865 513 ⁵⁰1

891 592 1038 648 cAP.
1078 591 1239 646 XXX.

248 702 340 754 De
376 699 614 766 quodam
649 698 914 750 hon-endo
951 698 1230 765 facinove,
1270 697 1478 750 seilicet
1514 699 1659 766 quod
1690 712 1865 766 quma-

497 796 630 848 dam
661 794 864 846 mulier
900 793 1133 846 comedit
1167 793 1431 859 infantem
1462 807 1635 844 mum.

425 928 579 990 lllnd
624 924 816 1010 igitur
859 926 1158 990 horribile
1205 927 1449 990 facinus
1484 927 1635 990 libet
1674 928 1878 991 remi-

249 1038 458 1111 nisci,
507 1034 672 1118 quod
729 1035 1024 1116 Iosephus
1087 1035 1166 1097 de
1226 1035 1475 1099 Iudaica
1538 1036 1921 1099 obsidione:

253 1147 629 1210 describita:
675 1145 891 1211 Mulier
913 1146 1211 1228 quaedam
1241 1145 1631 1210 facultatibus
1662 1153 1723 1210 et
1747 1165 1871 1228 ge-

249 1273 410 1317 nere
429 1255 652 1317 nobilis
678 1273 811 1317 cum
837 1260 1084 1318 caetera
1105 1253 1504 1332 mullitudine,
1526 1272 1683 1334 quae
1705 1272 1874 1316 con-

250 1363 520 1425 fluxerat
541 1361 1050 1443 Hierosolymam,
1078 1379 1467 1424 communem
1494 1380 1633 1423 eum
1660 1362 1869 1424 omni..
1891 1373 1927 1417 5

247 1470 370 1533 bus
405 1469 748 1532 obsidionis
791 1487 1000 1532 casum
1045 1469 1303 1532 ferebat.
1364 1468 1553 1531 Huius
1594 1469 1870 1549 reliquas

251 1578 604 1655 facultateS,
629 1593 780 1657 quas
804 1577 883 1639 de
907 1577 1090 1640 domo
1130 1575 1193 1637 in
1222 1575 1437 1638 urbem
1466 1581 1868 1654 convexerat,

253 1688 505 1771 tyranni
545 1687 786 1768 penitus
827 1687 1207 1748 invaserunt.
1270 1683 1333 1748 Si
1376 1683 1522 1764 quid
1562 1701 1713 1747 vero
1760 1701 1874 1746 re-

251 1797 472 1859 lictum
519 1813 599 1858 ex
637 1793 878 1878 magnis
932 1793 1148 1874 opibus
1193 1792 1432 1866 suerat,
1474 1808 1596 1871 quo
1640 1792 1873 1854 vietum

253 1900 681 1988 quotidianum
706 1908 1068 1983 pertenuem
1097 1901 1373 1977 duceret,
1420 1899 1727 1962 irruentes
1759 1917 1875 1980 per
1899 1915 1963 1962 ιο

257 2016 574 2075 momenta
603 2009 898 2073 satellites
941 2007 1321 2090 praedonum
1364 2006 1713 2087 rapiebant,
1758 2023 1875 2087 pro

259 2136 390 2200 quo
434 2118 656 2202 ingens
711 2116 888 2179 labor
939 2115 1253 2177 mulierem
1312 2135 1390 2179 ex
1446 2114 1881 2198 indignatione
1922 2140 1935 2177 ι

257 2225 530 2306 quadam
567 2223 736 2286 velut
779 2222 1020 2285 insania
1057 2220 1397 2305 fatigabat,
1442 2224 1526 2285 ita
1573 2230 1641 2284 ut
1682 2222 1884 2284 inter·-

264 2332 412 2395 dum
458 2330 808 2412 praedones
870 2330 934 2391 in
977 2347 1196 2393 necem
1258 2331 1352 2393 sui
1412 2330 1761 2397 maledictis
1818 2338 1885 2395 et

267 2436 560 2500 convitiis
606 2436 950 2519 instigaret.
1009 2439 1235 2501 Verum
1282 2455 1462 2518 quum
1506 2456 1623 2501 nec
1665 2438 1880 2501 irrita·-
1902 2459 1965 2505 15

413 2572 468 2640 a)
506 2568 654 2621 Flav.
677 2568 786 2625 Jos.
815 2568 880 2620 de
917 2568 1061 2621 bello
1101 2568 1316 2621 iud.VI.
1342 2570 1395 2623 3.
1416 2573 1471 2623 4.
1501 2571 1626 2623 edit.
1650 2572 1881 2623 Havete.

419 2731 718 2801 [lusci-ipa]
757 2730 960 2783 seilicet
1001 2732 1065 2783 de
1103 2734 1321 2784 mediore
1374 2732 1669 2784 comedente
1712 2731 1880 2799 filiunt

261 2818 418 2855 suum
440 2804 513 2865 Μ,
554 2801 846 2853 scilicet...
867 2819 1014 2853 sunm
1047 2802 1211 2855 omni.
1366 2806 1415 2853 1.
1451 2806 1632 2872 ἱρέων]
1673 2803 1761 2854 liic
1799 2805 1878 2857 M.

261 2872 560 2945 reminisci]
599 2876 834 2925 inserere
873 2874 950 2925 M.
1105 2874 1160 2924 3.
1201 2873 1537 2940 facultatibus
1580 2875 1743 2943 (dives
1780 2890 1881 2927 su-

265 2946 450 3015 perp.)
487 2944 558 2994 Μ.
696 2946 748 2995 5.
771 2942 1128 2995 Hierosolimis
1147 2945 1246 2998 ΜΣ.
1354 2945 1407 2997 6.
1429 2946 1776 2997 obsidionibus
1800 2947 1880 2999 Μ.

263 3015 327 3067 8.
369 3016 434 3065 Si
469 3029 602 3081 qnae
635 3028 760 3065 vcro
795 3014 1136 3080 reliquiarum
1171 3032 1237 3066 cx
1282 3018 1487 3084 magnis
1532 3017 1711 3085 opibus
1752 3019 1881 3083 fue-

265 3094 415 3149 rant,
453 3085 630 3151 quibus
655 3086 728 3136 M.
836 3084 889 3136 9.
914 3086 1102 3137 victum
1133 3102 1345 3153 euperp.
1378 3088 1443 3138 Μ.
1594 3091 1679 3140 11.
1712 3104 1885 3157 prae..

265 3156 460 3207 donum
479 3155 725 3207 satellites
742 3156 816 3206 Μ.
852 3171 950 3223 pro
989 3156 1167 3223 quibus
1193 3160 1266 3208 M.
1357 3158 1439 3209 12.
1482 3158 1666 3225 inqens
1702 3158 1879 3229 labor}
1953 3152 1959 3159 ’

269 3227 424 3278 dolor
459 3228 644 3294 ingens
683 3227 756 3277 M.
983 3228 1066 3278 14.
1113 3228 1408 3298 praedones
1456 3244 1635 3281 necem
1670 3232 1753 3281 sui
1790 3232 1889 3297 (en

272 3302 514 3365 super-p.)
551 3296 842 3349 maledictis
881 3307 930 3350 et
965 3300 1218 3352 eoninriis
1253 3301 1529 3368 instigaret
1566 3302 1642 3353 M.
1712 3302 1890 3355 male-

272 3368 449 3440 dictis]
489 3368 934 3421 maledictionibus
969 3367 1017 3420 J.

1486 3462 1557 3515 31*
