2507 4119
722 459 792 496 m:
829 458 984 496 con.
1023 458 1218 496 nmm-
1256 459 1366 496 un.
1406 457 1470 496 n.
1779 445 1883 499 103

268 585 500 661 omnis,
541 581 643 662 qui
687 599 759 645 se
809 581 1056 660 exaltat,
1099 581 1534 660 humiliabitur,
1564 588 1625 646 et
1668 581 1772 662 qni
1806 599 1887 646 ze

266 691 588 767 humiliat,
637 691 1054 756 exaltabitur.⁸

887 923 1033 976 GAP.
1067 923 1281 977 xxxn.

704 1045 790 1096 De
827 1049 1154 1110 armyantia
1187 1044 1483 1096 hominum.

447 1161 500 1226 Ο
529 1163 794 1243 superba
826 1162 1264 1243 praesumptio,
1298 1167 1359 1224 et
1379 1167 1882 1243 praesumptuosa

263 1271 587 1352 superbia,
639 1289 796 1351 quae
841 1287 969 1333 non
1017 1277 1246 1347 tantum
1293 1271 1553 1354 angelos
1598 1269 1716 1333 deo
1761 1287 1885 1332 vo-

273 1379 444 1442 luisti
481 1380 852 1460 adaequare,
882 1379 992 1442 sed
1022 1381 1203 1442 etiam
1241 1380 1525 1442 homines
1564 1397 1880 1460 praesum·
1908 1403 1941 1450 5

262 1486 451 1568 psisti
493 1485 807 1549 deificare.
895 1485 1109 1564 Porro,
1157 1503 1311 1566 quos
1357 1486 1575 1564 erexit,
1623 1485 1887 1566 depres-

262 1597 390 1674 sit,
441 1601 501 1657 et
547 1611 704 1676 quos
749 1593 1071 1673 exaltavit,
1133 1595 1495 1658 humiliavit.
1591 1591 1749 1656 Hinc
1801 1593 1888 1656 ait

265 1705 564 1769 dominus
591 1705 672 1769 ad
700 1697 1095 1787 proplietam:
1143 1704 1253 1768 Fili
1282 1706 1548 1769 hominis
1580 1703 1681 1768 dio
1708 1706 1887 1787 prin-

271 1817 399 1897 cipi
439 1815 626 1898 Tyri‚
673 1815 834 1878 haec
881 1813 1030 1878 dicit
1074 1815 1357 1879 dominus
1387 1814 1562 1894 deus,
1610 1834 1687 1880 eo
1720 1817 1884 1898 quod

268 1923 581 1986 elevatum
627 1930 722 1986 est
764 1941 876 1986 cor
930 1929 1094 1986 tuum
1143 1923 1318 2004 quasi
1360 1941 1473 1987 cor
1528 1924 1631 1988 dei
1686 1931 1746 1987 et
1789 1925 1886 1988 di-
1914 1946 1973 1992 ιο

265 2034 454 2098 xisti:
514 2033 678 2097 Deus
727 2047 848 2115 ego
897 2051 1055 2112 sum,
1102 2048 1238 2095 cum
1287 2033 1375 2097 sis
1416 2032 1604 2097 homo
1649 2040 1711 2097 et
1755 2050 1887 2097 non

267 2143 466 2222 dem,
513 2142 753 2205 idcirco
801 2159 922 2226 ego
978 2142 1279 2205 adducam
1331 2158 1517 2222 super
1571 2146 1633 2204 te
1686 2140 1888 2203 robu-

263 2250 582 2315 stissimos
623 2251 933 2333 gentium,
982 2256 1042 2312 et
1086 2249 1451 2312 interficiam
1493 2254 1593 2329 te,
1642 2254 1703 2310 et
1742 2266 1888 2311 mo-

267 2359 457 2423 rieris
486 2360 548 2421 in
574 2360 821 2422 interitu
855 2360 1260 2423 occisorums»
1371 2356 1885 2422 Nabuchodono-

268 2485 426 2547 sor,
475 2468 615 2550 quia
660 2468 992 2549 potentiam
1053 2487 1224 2533 suam
1284 2469 1535 2532 iactavit
1598 2469 1881 2549 superbe,
1912 2484 1971 2530 15

273 2582 343 2639 et
381 2578 495 2639 ait:
545 2575 766 2639 Nonne
807 2576 966 2641 haec
1011 2584 1105 2640 est
1147 2577 1447 2659 Babyion,
1484 2594 1661 2657 quam
1704 2576 1887 2639 aedi-

273 2685 460 2748 ficavi
495 2685 641 2747 mihi
689 2688 750 2747 in
795 2686 978 2749 domo
1020 2687 1226 2769 regni,
1269 2686 1333 2747 in
1374 2686 1604 2748 robore
1634 2684 1887 2747 fortitu-

277 2794 445 2859 dinis
489 2811 690 2869 meae,
731 2800 792 2857 et
835 2794 897 2855 in
941 2794 1140 2877 gloria
1185 2794 1433 2856 decoris
1474 2792 1644 2855 mei?
1690 2792 1887 2865 Quum

420 2928 476 2994 a)
519 2926 649 2979 Luc.
691 2926 774 2991 14,
816 2930 898 2979 11.
1048 2927 1106 2997 b)
1138 2926 1336 2978 Ezech.
1382 2925 1471 2991 28,
1507 2926 1559 2978 2.
1597 2924 1758 2978 6—8.

417 3089 469 3139 3.
511 3098 560 3140 ει
599 3103 700 3139 om.
727 3089 793 3141 M.
918 3087 970 3140 4.
1001 3104 1109 3139 mm
1128 3087 1292 3138 solum
1316 3086 1382 3139 M.
1456 3086 1550 3138 deo
1575 3087 1788 3153 angelos
1814 3088 1885 3137 M.

261 3158 432 3211 voluit
452 3161 524 3210 M.
655 3161 706 3212 5.
748 3160 902 3211 etiam
945 3158 1138 3210 om.M.
1189 3158 1559 3227 praetumidi.
1643 3158 1888 3211 lum-m

265 3232 412 3281 enim
430 3232 501 3281 M.
618 3232 1037 3296 laium-ficiem
1057 3232 1133 3281 M.
1235 3230 1317 3282 15.
1342 3230 1556 3295 superbe
1573 3229 1788 3279 iactavit
1803 3230 1884 3279 M.

277 3302 364 3353 17.
392 3301 520 3353 milti
543 3316 647 3353 om.
673 3300 763 3354 CJ.
837 3304 896 3352 in
933 3302 1104 3371 domo]
1133 3300 1334 3353 domum
1366 3302 1441 3364 M,
1481 3302 1539 3351 in
1577 3302 1778 3351 domum
1815 3301 1883 3351 A.

273 3380 326 3423 et
365 3372 424 3425 iu
461 3374 649 3425 robore
691 3374 765 3426 M.
