2507 4119
711 477 780 512 mi
819 476 971 514 conr.
1010 475 1202 514 nuum.
1245 477 1357 514 mn.
1377 477 1441 516 11.
1816 461 1888 516 77

264 619 600 681 morosuS,
648 603 928 667 solicitus
979 603 1246 684 suspirat
1287 610 1349 666 et
1396 602 1721 678 anxiatur,
1762 601 1893 666 ⁵du·-

271 712 414 776 bius
441 711 716 774 habetet
751 713 976 774 invitus
1012 711 1319 791 expendit.
1392 711 1743 794 magnificat
1770 711 1890 774 da·-

275 828 447 900 tum,
495 821 608 884 sed
657 820 906 883 vilificat
960 820 1261 900 dandum,
1306 821 1409 882 dat
1464 827 1533 882 ut
1594 822 1889 898 lucretur,

274 931 392 996 sed
434 948 562 993 nou
621 929 896 992 lucratur
948 935 1016 990 ut
1074 926 1208 1008 det,
1270 929 1481 1012 largus
1542 931 1605 991 in
1659 929 1891 1008 atieno,

275 1037 396 1102 sed
432 1055 657 1118 parcus
703 1039 770 1099 in
829 1039 1104 1119 proprio.
1209 1036 1421 1100 Gulam
1470 1042 1767 1110 evacuat,
1826 1042 1953 1102 uts

275 1164 491 1210 arcam
551 1145 840 1225 impleat,
885 1163 1111 1225 corpus
1157 1150 1481 1224 extenuat,
1532 1151 1599 1207 ut
1660 1146 1898 1208 lucrum

281 1252 596 1317 extendat.
701 1253 940 1316 Manum
1004 1252 1188 1315 habet
1245 1250 1325 1314 ad
1379 1252 1641 1315 dan-dum
1700 1253 1901 1316 colle-

279 1365 488 1431 ctam,
556 1357 669 1422 sed
749 1357 827 1421 ad
889 1358 1313 1438 recipiendum
1370 1363 1760 1437 porrectam,
1820 1355 1903 1418 ad

289 1463 563 1529 dandum
603 1463 913 1543 clausam,
957 1466 1071 1528 sed
1115 1464 1192 1528 ad
1245 1462 1669 1543 recipiendum
1715 1480 1905 1543 aper-

287 1577 429 1634 tam.
517 1571 710 1634 Porro
755 1571 1136 1634 substantiae
1177 1572 1541 1634 iniustorum
1584 1571 1747 1632 sicut
1777 1570 1902 1633 flu-
1923 1593 1989 1640 v10
2048 1595 2063 1608 ·

286 1678 430 1742 vius
472 1679 922 1758 siccabuntur,a
967 1682 1106 1762 quia
1169 1681 1271 1760 qui
1320 1679 1477 1742 male
1525 1685 1904 1762 congregat,

284 1790 416 1852 cito
463 1788 786 1872 dispergit.
879 1789 1104 1854 lustum
1149 1789 1469 1863 iudicium,
1512 1794 1579 1851 ut
1621 1806 1779 1869 quae
1820 1789 1903 1851 de

285 1895 452 1968 malo
499 1899 904 1977 proveniunt,
945 1898 1023 1962 ad
1069 1899 1293 1964 malum
1338 1899 1735 1980 perveniant,
1783 1916 1904 1961 neo

290 2003 557 2069 accedat
613 2006 691 2071 ad
743 2006 1007 2082 bonum,
1071 2006 1232 2088 quod
1292 2023 1421 2068 non
1477 2005 1762 2087 procedit
1824 2023 1906 2071 ex

285 2114 481 2177 bono.
570 2114 816 2177 Avarus
858 2130 1012 2195 ergo
1073 2114 1527 2177 damnationem
1581 2113 1763 2179 habet
1803 2114 1903 2176 vi-
1928 2128 1989 2180 15

286 2228 428 2301 tae,
473 2240 631 2305 quae
673 2240 838 2285 nuno
883 2230 1014 2302 est,
1063 2228 1124 2284 et
1171 2222 1436 2286 suturae.-

939 2398 1087 2453 CAP.
1126 2398 1195 2450 Xl
1205 2399 1267 2451 V.

581 2506 666 2557 De
699 2504 884 2572 iniqua
917 2506 1260 2571 possessione
1291 2506 1620 2557 diviciarum.

467 2624 693 2687 Verum
744 2632 839 2688 est
881 2644 1034 2709 ergo
1083 2626 1249 2707 quod
1296 2626 1552 2707 Sapiens
1592 2630 1908 2705 protesta-

294 2738 424 2811 tur,
471 2733 689 2796 multos
716 2734 984 2814 perdidit
1021 2752 1232 2797 aurum
1279 2740 1341 2795 et
1368 2737 1739 2815 argentum.b
1792 2732 1911 2806 Qui

299 2859 515 2906 aurum
544 2842 761 2936 diligit,
800 2862 927 2905 non
972 2844 1447 2907 iustificabitur.⁶
1486 2841 1614 2905 Vae
1634 2842 1777 2923 illis,
1805 2841 1911 2925 qui

447 2982 500 3045 a)
537 2976 705 3028 Ecoli.
746 2976 834 3043 40,
878 2978 962 3030 13.
1106 2978 1164 3049 b)
1204 2976 1370 3030 Ecoli.
1412 2975 1465 3043 8,
1506 2978 1560 3030 3.
1708 2988 1762 3047 c)
1797 2978 1911 3031 Ec-

294 3048 518 3129 eli.31‚
565 3050 619 3100 5.

449 3174 494 3219 1.
549 3172 802 3239 suspirat]
852 3178 1086 3238 suppetat
1133 3170 1206 3221 Μ.
1276 3176 1326 3219 et
1372 3168 1627 3219 anxiatur
1680 3182 1785 3219 om.
1830 3169 1906 3219 Μ.

294 3242 350 3293 2.
391 3248 440 3291 et
480 3254 582 3290 om.
619 3240 749 3294 Cav.
804 3242 1068 3311 expendit]
1108 3240 1357 3308 impendit
1394 3240 1466 3289 Μ.
1660 3238 1711 3290 7.
1754 3238 1911 3291 habet

291 3327 408 3363 non
431 3312 502 3361 M.
645 3312 700 3363 8.
741 3312 812 3378 ad
835 3312 1062 3363 dandum
1081 3312 1333 3375 clausam,
1354 3310 1445 3361 sed
1466 3310 1537 3360 ad
1555 3310 1911 3377 recipiendum

296 3391 542 3452 opertam
577 3398 678 3435 om.
698 3381 790 3436 GJ.
917 3383 998 3434 14.
1037 3383 1242 3434 accedit
1278 3380 1326 3433 J.
1442 3382 1673 3449 ssav-90
1708 3395 1812 3432 om.
1835 3380 1907 3433 Μ.
