2507 4119
527 445 628 499 156
1034 457 1346 496 nunctum
1386 457 1467 496 τι».
1505 458 1593 496 111.

520 580 686 644 enim
747 580 1049 643 sententia
1115 597 1423 660 nunquam
1484 579 1711 659 poterit
1775 578 2129 659 provocari,

520 687 664 769 quia
723 693 898 767 pater
943 703 1126 750 omne
1179 686 1477 749 iudicium
1535 686 1707 750 dedit
1764 687 1887 750 filio
1952 703 2132 750 suo,-

521 795 638 870 Qui
687 791 938 871 claudit,
979 800 1039 855 et
1085 812 1269 856 nemo
1321 796 1537 875 aperit,
1582 796 1801 876 aperit,
1844 802 1905 858 et
1945 813 2133 860 nemo

521 901 804 966 claudit.¹³
857 903 944 967 Os
989 901 1150 964 enim
1200 903 1433 964 domini
1476 903 1745 967 locutum
1788 909 1931 966 ests²

1144 1208 1292 1260 cAP.
1332 1208 1494 1262 xvn.

857 1353 1014 1415 Quod
1046 1353 1182 1404 nina
1222 1351 1473 1419 maen-cc
1502 1328 1793 1404 damnum}

465 1540 494 1584 5
687 1521 856 1583 Tunc
901 1539 1025 1583 non
1072 1522 1413 1602 proderunt
1472 1539 1663 1603 opeS,
1718 1538 1843 1583 non
1902 1522 2129 1585 defen·-

521 1630 666 1692 dent
691 1630 985 1707 honoreS,
1018 1647 1140 1691 non
1176 1629 1677 1714 suffragabuntur
1702 1629 1903 1692 amici.
1948 1629 2133 1692 Sori-

515 1744 680 1818 ptum
726 1743 820 1800 est
863 1737 1058 1800 enim:
1133 1739 1474 1821 Argentum
1536 1756 1746 1801 eorum
1806 1743 1867 1798 et
1912 1755 2131 1800 aurum

519 1864 734 1909 eorum
773 1864 898 1908 non
944 1845 1174 1909 valebit
1230 1866 1341 1910 eos
1388 1846 1655 1912 liberare
1701 1847 1762 1909 in
1808 1846 1909 1908 die
1951 1848 2135 1910 furo-

516 1959 604 2018 ris
647 1955 935 2018 domini.‹¹
991 1955 1245 2018 Flebunt
1291 1963 1353 2018 et
1408 1956 1698 2038 plangent
1758 1973 1971 2019 omnes
2016 1973 2135 2018 re-

441 2074 497 2119 ¹⁰
518 2083 634 2148 ges
680 2071 918 2145 terrae,
973 2083 1151 2146 quum
1195 2064 1463 2127 viderint
1506 2066 1734 2129 fumum
1785 2065 2129 2143 incendii,0

518 2176 772 2252 propter
811 2173 1092 2234 timorem
1135 2177 1580 2233 tormentorum
1628 2189 1862 2233 eorum.
1968 2171 2131 2244 Quid

519 2296 674 2361 ergo
707 2280 948 2342 facietis
974 2280 1036 2340 in
1068 2279 1166 2341 die
1189 2280 1417 2342 furoris
1448 2280 1702 2359 domini,
1743 2282 1803 2340 in
1837 2279 1937 2342 die
1971 2280 2131 2341 visi-

520 2386 772 2450 tationis
798 2394 859 2449 et
889 2388 1251 2450 calamitatis
1298 2388 1375 2449 de
1418 2388 1607 2471 longe
1642 2388 1998 2451 venientis?
2043 2390 2129 2453 ad

521 2496 696 2558 cuius
737 2495 988 2579 fugietis
1043 2498 1381 2560 auxilium?
1480 2498 1909 2578 Unusquisque
1968 2515 2129 2560 onus

441 2614 496 2659 ¹⁵
520 2623 695 2668 suum
732 2604 1046 2686 portabit!
1097 2605 1318 2667 Anima
1366 2625 1524 2687 quae
1566 2606 1951 2687 peccaverit,
1992 2606 2130 2686 ipsa

667 2769 725 2827 a)
761 2760 911 2814 Joan.
952 2764 1003 2827 5,
1041 2764 1129 2813 22.
1280 2762 1335 2825 b)
1361 2763 1527 2828 Apoc.
1567 2762 1622 2823 3,
1661 2762 1711 2813 7.
1804 2734 1808 2737 ’
1860 2764 1915 2827 c)
1955 2760 2127 2811 Isaiae

525 2835 575 2896 1,
613 2832 702 2885 20.
846 2832 904 2896 d)
949 2833 1142 2885 E'zech.
1188 2834 1239 2898 7,
1272 2831 1355 2885 19.
1506 2835 1561 2899 ο)
1598 2834 1769 2899 Apoo.
1815 2832 1897 2897 18,
1924 2831 2124 2887 9-10.

519 2904 568 2969 f)
610 2902 779 2955 Galat.
818 2902 869 2966 6,
903 2902 954 2955 5.

672 3084 720 3130 1.
759 3080 896 3131 enim
917 3094 1018 3131 om.
1048 3080 1112 3131 Μ.
1151 3080 1398 3131 revocari
1416 3077 1500 3129 vol
1522 3079 1781 3149 appellari
1814 3081 1877 3131 A.
1950 3080 2003 3131 2.
2024 3080 2125 3132 de..

523 3152 599 3203 dit
638 3166 787 3201 omno
821 3152 1070 3203 iudicium
1095 3150 1162 3202 Μ.
1203 3168 1297 3201 κιο
1318 3164 1421 3200 om.
1446 3149 1538 3201 CJ.
1616 3150 1665 3199 7.
1688 3167 1867 3202 eorum
1902 3150 2121 3205 orn-Ol.

521 3223 575 3275 8.
612 3220 841 3281 liberare
877 3238 962 3273 eos
995 3222 1062 3273 ΙΙ.
1191 3221 1245 3273 9.
1287 3236 1460 3272 omnes
1497 3234 1601 3271 om.
1624 3222 1689 3271 Μ.
1808 3224 1889 3273 11.
1918 3225 2127 3291 conam]

523 3291 712 3343 cium.
803 3294 887 3343 12.
924 3294 984 3344 in
1019 3292 1102 3344 dic
1135 3293 1335 3359 furoris
1373 3292 1570 3343 domini
1588 3292 1771 3343 omdti.
1890 3292 1973 3344 15.
1991 3310 2129 3363 poc-

523 3364 661 3415 οωίι
691 3363 754 3413 Μ.
2136 3392 2145 3403 -
