2507 4119
621 451 730 506 168
1141 462 1454 503 innocui-u
1492 463 1577 501 rr.
1614 465 1706 502 ιιι.

464 607 471 617 ·
567 577 578 591 “
622 586 1030 671 perfectionis
1075 587 1376 651 solidans.
1479 587 1769 668 Quisquis
1825 587 1891 648 in
1948 587 2081 649 eius
2126 604 2235 650 ra-

629 696 770 760 dice
813 715 883 760 se
930 697 1184 774 inserit,
1230 713 1349 758 nec
1392 713 1427 759 a
1472 693 1784 758 viriditate
1826 693 2066 774 deficit,
2111 712 2233 758 nec

626 824 665 870 a
709 805 1008 868 fructibus
1053 803 1395 882 evanescit,
1438 804 1578 884 quia
1607 802 2042 866 foecunditatis
2078 819 2231 882 opus

625 910 965 974 efficaciter
1008 927 1134 972 non
1182 909 1415 974 amittit.
1502 910 1595 972 De
1640 910 1759 973 hac
1793 908 2069 973 Isidorus
2116 908 2228 971 ait:

563 1035 596 1082 z
624 1017 860 1082 Nullum
916 1017 1257 1098 praemium
1312 1023 1605 1096 pensatur
1644 1017 1781 1078 sine
1838 1033 2051 1078 amore
2120 1036 2233 1080 ca·-

619 1127 856 1203 ritatis3
918 1126 1194 1210 quamvis
1259 1131 1433 1208 recte
1500 1125 1756 1205 credat,
1815 1132 2022 1190 tamen
2092 1129 2231 1190 sine

619 1235 878 1298 caritate
923 1235 1002 1298 ad
1061 1234 1503 1298 beatitudinem
1546 1236 1871 1315 pervenire
1926 1252 2054 1297 non
2109 1253 2231 1316 po·-

615 1351 775 1424 test‚
823 1344 963 1424 quia
1007 1349 1172 1406 tanta
1217 1346 1313 1404 est
1361 1343 1633 1406 caritatis
1676 1343 1893 1418 virtuS‚
1936 1351 2002 1406 ut
2044 1345 2228 1408 etiam

615 1452 937 1534 prophetia
981 1457 1042 1513 et
1079 1449 1435 1533 martyrium
1480 1451 1617 1514 sine
1656 1450 1762 1514 illa
1792 1451 1878 1512 nil
1904 1469 2046 1514 esse
2082 1472 2228 1517 cre-

534 1564 814 1626 indatur.
946 1559 1184 1623 Caritas
1264 1562 1535 1623 omnium
1620 1563 1905 1624 virtutum
1990 1562 2231 1624 obtinet

616 1671 1044 1752 principatum.
1145 1668 1321 1732 Unde
1383 1675 1446 1731 et
1502 1669 1809 1733 vinculum
1874 1670 2228 1734 dilectionis

622 1778 701 1842 ab
747 1777 1050 1858 Apostolo
1095 1777 1369 1853 dicitur‚⁸
1412 1777 1556 1857 quia
1597 1777 1928 1841 universae
1969 1781 2231 1843 virtutes

615 1887 754 1951 eius
801 1886 1050 1947 vinculo
1094 1885 1457 1970 religantur.
1559 1885 1763 1968 Dilige
1820 1903 1977 1970 ergo
2022 1886 2228 1950 domi-

619 2013 789 2071 num,
834 2003 902 2059 ut
942 1994 1163 2077 eligas,
1202 1995 1393 2077 dilige
1433 1993 1675 2069 melius,
1718 2001 1784 2056 ut
1818 1995 2065 2058 salubre
2110 1994 2231 2058 de-

529 2125 586 2171 15
620 2123 754 2186 gas,
843 2103 1050 2185 Dilige
1083 2104 1305 2182 deum,
1360 2109 1427 2166 ut
1461 2104 1663 2188 eligas
1708 2122 1851 2167 esse
1894 2121 2031 2167 cum
2078 2105 2230 2183 deo,

616 2213 808 2296 dilige
845 2213 1083 2291 melius,
1127 2220 1194 2274 ut
1237 2229 1397 2275 unus
1436 2212 1547 2275 flas
1594 2230 1732 2275 cum
1784 2231 1881 2275 eo·
1968 2213 2084 2276 Per
2122 2212 2229 2276 di-
2285 2261 2308 2282 s

615 2318 948 2381 lectionem
995 2336 1149 2401 ergo
1178 2318 1428 2403 diligas,
1458 2320 1621 2399 quod
1672 2320 1903 2405 diligis,
1948 2322 2002 2385 si
2036 2321 2227 2384 tutius

614 2424 944 2506 pervenire
1007 2424 1219 2505 cupis,
1270 2430 1331 2487 et
1378 2424 1603 2487 festina
1646 2433 1715 2487 ut
1770 2406 2270 2507 apprehendasss'

615 2532 788 2615 Engo
834 2548 947 2612 per
987 2530 1381 2594 dilectionem
1426 2533 1647 2612 curris,
1690 2551 1804 2613 per
1827 2533 2226 2597 dilectionem

527 2658 590 2705 ω
619 2636 1055 2718 apprehendis.
1145 2636 1291 2699 ltem
1350 2655 1471 2719 quo
1534 2638 1669 2719 plus
1733 2638 1977 2721 diligis,
2027 2658 2103 2703 eo
2163 2646 2229 2703 et

616 2746 872 2826 amplius
940 2746 1349 2828 amplecteris
1454 2748 1623 2831 Ergo
1684 2764 1797 2828 per
1832 2748 2227 2815 dilectionem

756 2900 812 2965 a)
848 2892 1058 2947 Coloss.
1094 2897 1148 2961 3,
1191 2896 1276 2949 14.

768 3066 817 3111 1.
859 3060 1122 3130 solidans]
1161 3060 1352 3112 solidat
1390 3062 1457 3112 itt.
1680 3062 1763 3111 12.
1800 3062 2077 3113 universae
2115 3062 2229 3112 eius

616 3133 834 3183 virtutes
871 3134 936 3183 Μ.
1094 3130 1178 3185 16.
1214 3132 1374 3198 diliye
1410 3130 1609 3194 melius,
1642 3140 1699 3183 ut
1732 3148 1865 3183 unus
1898 3133 1997 3197 lias
2020 3149 2133 3183 cum
2164 3148 2230 3181 eo

619 3220 724 3255 om.
746 3203 816 3254 Μ.
890 3203 992 3255 Per
1029 3204 1357 3256 dilectionem
1378 3239 1393 3253 .
1417 3240 1431 3254 .
1456 3236 1471 3251 .
1496 3238 1509 3252 .
1526 3203 1803 3269 pervenire
1840 3205 2007 3271 cupis]
2064 3202 2217 3269 Erqo

613 3291 715 3344 per
756 3273 1104 3327 dilectionem
1150 3274 1358 3342 diligis,
1408 3289 1505 3339 quo
1554 3272 1745 3342 diligas
1795 3281 1845 3326 te
1894 3276 2048 3325 tutius
2090 3290 2231 3342 per-

617 3344 800 3398 venire
841 3349 986 3415 cupis
1013 3347 1081 3399 m.
1229 3345 1319 3399 20.
1362 3360 1421 3395 eo
1456 3357 1559 3395 om.
1580 3344 1645 3396 M.
