2507 4119
553 507 614 546 ἿΙ
1195 507 1515 545 rumunn-

549 682 806 750 rumque
872 667 1390 749 proposuerimus.
1530 669 1771 750 Quippe
1826 669 2161 751 descripsit

554 799 890 864 {aotharius
930 800 1313 878 gravissimis
1358 801 1569 863 verbis
1626 801 1813 866 vilem
1856 809 1920 866 ct
1978 802 2161 866 mise-

551 952 689 1000 ram
731 931 1038 998 hominum
1081 933 1489 997 conditionem
1508 983 1525 1014 ‚
1568 939 1694 996 tam
1737 952 1897 1017 quae
1932 933 2051 998 hac
2090 935 2157 999 in

551 1073 724 1130 terra
765 1086 806 1130 a
863 1072 1161 1147 conceptu
1208 1072 1269 1128 et
1312 1073 1497 1148 partu
1540 1085 1733 1150 usque
1778 1066 1859 1130 ad
1900 1073 2157 1130 nortem

545 1201 651 1264 vel
686 1219 768 1266 ex
802 1205 1028 1265 natura
1053 1200 1474 1282 consequitur,
1512 1201 1616 1262 vel
1645 1199 1970 1264 desideriis
2000 1220 2151 1263 car-

547 1330 800 1396 nalibus
817 1379 835 1412 ,
879 1330 1374 1412 concupiscentia
1418 1336 1481 1393 et
1527 1331 1871 1394 actionibus
1914 1330 2153 1394 illicitis

545 1465 878 1546 excitatur,
924 1484 1103 1550 quam
1147 1485 1307 1549 quae
1350 1472 1491 1548 post
1534 1473 1792 1532 mortem
1836 1467 1903 1532 in
1952 1474 2154 1531 aeter-

543 1601 742 1665 nitate
781 1601 928 1664 illos
973 1607 1210 1677 manet,
1259 1599 1361 1682 qui
1403 1600 1468 1662 in
1508 1599 1629 1664 hac
1669 1600 1803 1662 vita
1842 1620 1883 1665 a
1926 1600 2041 1662 deo
2082 1619 2151 1663 se

545 1733 890 1799 averterint
929 1739 993 1795 et
1036 1735 1237 1810 finem,
1284 1734 1363 1796 ad
1407 1751 1583 1815 quem
1626 1732 1775 1795 deus
1820 1733 2151 1796 secundu-

545 1863 847 1929 infinitam
887 1883 1060 1928 suam
1087 1864 1427 1928 bonitatem
1468 1864 1638 1946 ipsos
1672 1864 1933 1940 creavit,
1980 1881 2153 1926 asse«

543 1999 651 2082 qui
692 1999 1091 2083 neglexerint
1133 2005 1240 2064 aut
1284 1997 1781 2079 contempserint.

715 2132 916 2195 llosce
955 2131 1236 2196 Letharii
1283 2132 1358 2193 de
1398 2130 1650 2194 miseria
1674 2128 1977 2193 humanae
2000 2146 2153 2191 con-

544 2264 798 2329 ditionis
840 2249 1049 2328 libros
1095 2284 1208 2326 nec
1250 2264 1464 2345 parvi,
1516 2282 1631 2326 nec
1666 2263 1925 2325 minoris
1966 2278 2149 2345 quam

538 2387 668 2465 alin
726 2399 939 2482 magni
999 2399 1273 2463 auctoris
1339 2417 1531 2481 opera
1590 2400 1975 2481 pendendus,
2035 2397 2147 2461 sed

537 2534 859 2616 proposito
917 2553 1030 2596 suo
1072 2528 1519 2597 consentaneos
1562 2539 1627 2597 et
1669 2536 1965 2616 perutiles
2009 2552 2150 2615 esse,

539 2666 725 2731 ctiam
760 2667 898 2729 laus
955 2666 1044 2728 eis
1090 2686 1130 2730 a
1176 2665 1373 2728 doctis
1418 2666 1658 2760 piisque
1703 2666 1859 2729 viris
1915 2666 2148 2731 tributa

538 2800 896 2877 confirmat,
940 2799 1417 2881 comprobatque
1468 2806 1592 2861 tum
1641 2800 1916 2862 codicum
1958 2818 2139 2864 manu

395 2918 408 2931 ”
533 2929 910 3011 scriptorum
951 2931 1298 3011 multitudo,
1343 2932 1446 3013 qui
1490 2929 1568 2993 ad
1612 2938 1827 2995 nostra
1858 2938 2139 3014 tempora

530 3069 926 3140 manserunt,
974 3070 1100 3127 tum
1141 3065 1473 3129 editionum
1515 3065 1732 3147 copia,
1792 3085 1949 3149 quae
2007 3085 2141 3130 non

530 3194 638 3260 diu
675 3200 817 3277 post
855 3194 1169 3259 inventam
1212 3197 1692 3279 typographiam
1732 3201 1979 3263 saeculo
2022 3202 2132 3263 de-

527 3328 686 3392 cimo
721 3329 934 3412 quinto
982 3338 1283 3413 sextoque
1338 3332 1619 3413 pluribus
1662 3333 1731 3397 in
1770 3334 1957 3417 locis,
1981 3314 1986 3319 ⁴
2006 3338 2146 3399 No-'
