2507 4119
697 448 768 485 nt
807 447 964 487 con-r.
985 449 1179 486 nuum.
1219 449 1329 487 mn.
1359 451 1424 488 n.
1795 437 1869 490 >⁷3

257 571 376 634 sub
421 573 673 634 nomine
720 571 1004 635 Heliseis²
1092 573 1273 635 ludas
1333 571 1555 652 laqueo
1598 588 1669 634 se
1727 589 1871 636 sus-

253 678 504 760 pendit,
550 680 692 760 quia
752 679 1032 743 vendidit
1094 686 1156 742 et
1209 678 1461 741 tradidit
1502 679 1870 743 Christum*

253 788 564 851 Ananiam
610 793 672 850 et
713 787 1032 869 saphiram
1085 788 1407 850 subitanea
1450 805 1619 850 mors
1665 788 1871 852 extin-

253 897 386 975 xit,
422 899 563 977 quia
606 897 686 959 de
724 899 924 978 pretio
969 898 1111 979 agri
1151 896 1673 960 defraudaverunt
1714 915 1871 977 apo-

256 1007 507 1070 stolos.⁰
569 1005 942 1069 Aedificavit
979 1006 1176 1088 Tyrus
1232 1005 1628 1068 munitionem
1670 1023 1866 1082 suam,
1890 1017 1921 1059 ⁵

255 1118 324 1176 et
374 1114 770 1176 coacervavit
827 1119 1148 1195 argentum
1219 1113 1394 1193 quasi
1456 1113 1743 1192 humum,
1808 1119 1871 1175 et

257 1240 474 1288 aurum
518 1221 692 1302 quasi
749 1222 937 1284 lutum
982 1221 1353 1301 platearum,
1397 1221 1711 1284 sed-ecce
1752 1220 1872 1282 do-

254 1331 460 1394 minus
518 1330 860 1410 possidebit
903 1331 1194 1406 eam,‘et
1249 1330 1549 1409 percutiet
1604 1330 1667 1392 in
1718 1330 1871 1392 mari

253 1437 683 1502 fortitudinem
727 1438 884 1516 εἰπε,
935 1443 996 1499 et
1037 1437 1196 1498 haec
1241 1438 1375 1518 igni
1420 1435 1871 1501 devorabitur.‹¹

951 1663 1096 1716 cAP.
1131 1663 1198 1716 X.

494 1787 579 1838 De
613 1785 894 1851 superflua
927 1783 1268 1837 solicitudine
1306 1784 1647 1850 cupidorum.

435 1922 555 1985 Cur
596 1922 675 1984 ad
707 1921 1215 2004 congregandum
1256 1920 1390 2001 quis
1434 1920 1639 1998 instet,
1688 1938 1868 2000 quum
1896 1938 1953 1984 ιο

252 2037 432 2097 stare
491 2049 618 2094 non
682 2031 880 2111 possit
930 2030 1032 2093 ille
1089 2029 1193 2110 qui
1239 2027 1633 2112 congregat?
1716 2030 1869 2105 Nam

253 2141 437 2222 quasi
492 2140 608 2203 flos
671 2140 991 2223 egreditur
1049 2146 1110 2201 et
1168 2140 1544 2217 conteritur,
1604 2144 1667 2201 et
1713 2139 1871 2222 fugit

253 2236 429 2314 velot
484 2250 737 2328 umbra,
808 2256 870 2311 et
929 2265 1238 2329 nunquam
1294 2248 1359 2309 in
1424 2246 1645 2311 eodem
1711 2254 1871 2311 statu

253 2364 624 2441 permanet.e
699 2357 824 2419 Cur
865 2356 1047 2419 multa
1093 2355 1443 2434 desideret,
1492 2372 1631 2418 cum
1674 2372 1868 2435 pauca

258 2465 621 2531 sufficiant?
708 2466 1050 2543 Habentes,
1098 2465 1330 2545 inquit,
1374 2465 1599 2527 victum
1644 2469 1705 2527 et
1750 2481 1867 2526 ve-
1896 2476 1951 2521 ιε

255 2575 501 2653 stitum,
548 2574 646 2637 his
700 2575 972 2636 contenti
1017 2574 1261 2636 simus!
1350 2572 1471 2634 Cur
1508 2572 1868 2635 necessaria

257 2702 401 2747 cum
464 2683 649 2747 muita
711 2682 1104 2747 solicitudine
1165 2687 1463 2761 quaerat,
1528 2697 1661 2742 cum
1734 2680 1869 2760 ipsa

253 2792 396 2855 sine
453 2808 674 2874 magna
733 2791 1092 2875 difficuitate
1151 2808 1220 2853 se
1268 2789 1578 2853 offerant?
1679 2788 1867 2867 Audi,

398 2929 456 2991 a)
494 2924 588 2976 lv.
612 2924 742 2993 Reg.
764 2926 816 2989 5,
841 2926 910 2975 20
932 2938 1046 2991 sqq.
1137 2923 1199 2995 b)
1238 2922 1419 2974 Matth.
1444 2923 1531 2986 27,
1556 2924 1609 2976 5.
1682 2925 1735 2992 c)
1752 2926 1865 2974 Ac-

252 3001 357 3048 tor.
377 2996 428 3059 5,
461 2996 651 3047 1-11,
799 2994 859 3064 d)
899 2994 1062 3046 Zach.
1101 2992 1160 3059 9,
1195 2994 1359 3046 3-4.
1474 3002 1526 3063 ο)
1564 2992 1663 3045 Job
1691 2996 1776 3059 14,
1814 2996 1866 3046 2.

249 3066 302 3134 f)
342 3068 530 3118 1.'rim.
567 3064 692 3129 6‚8.

405 3206 453 3253 1.
497 3202 732 3254 Helisaci
761 3202 858 3253 Cv.
915 3219 970 3253 sc
1009 3216 1112 3252 om.
1141 3200 1204 3253 0.
1436 3204 1488 3255 3.
1529 3200 1783 3268 extinguit
1815 3197 1864 3250 J.

252 3274 307 3324 4.
346 3274 635 3343 apostolum
669 3272 763 3325 MJ.
918 3274 1001 3325 16.
1025 3276 1252 3325 contenti
1268 3274 1383 3325 sitin
1404 3274 1498 3327 MJ.
1651 3272 1732 3324 17.
1752 3286 1869 3322 cun

253 3346 372 3413 ipsa
407 3362 463 3398 so
495 3347 608 3399 sinc
643 3360 839 3414 magna
878 3342 1180 3412 difficultate
1216 3346 1443 3414 offerant
1476 3345 1545 3399 Μ.

1533 3440 1573 3492 4

1868 3390 1894 3421 0
