2507 4119
652 452 754 510 140
1156 465 1468 503 innocui-11
1506 467 1589 502 ει».
1630 467 1721 504 iu.

1331 620 1474 674 CAP.
1518 621 1584 674 X.

759 745 872 796 ouer
903 741 1126 808 rem-ou
1157 755 1435 808 nunquam
1468 741 1838 796 memorentur
1864 757 1903 794 a
1940 741 2147 808 poenis.

813 879 1023 942 Nullus
1053 895 1208 959 ergo
1249 879 1368 940 sibi
1406 879 1753 943 blandiatur
1794 885 1855 941 et
1894 878 2081 956 dicat,
2115 878 2255 959 quia

647 985 802 1049 deus
844 987 1066 1050 nonin
1111 988 1291 1050 finem
1335 988 1663 1060 irascetur,
1709 1005 1907 1068 neque
1954 987 2015 1048 in
2046 994 2257 1050 aeter-

645 1114 788 1159 num
825 1096 1265 1179 indignabitur,
1296 1098 1407 1160 sed
1448 1097 1875 1160 miserationes
1905 1095 2039 1157 eius
2072 1113 2256 1175 super

647 1207 851 1267 omnia
897 1221 1087 1285 opera
1135 1204 1325 1267 eiua·
1354 1205 1509 1278 Quia
1554 1221 1689 1268 cum
1738 1209 1929 1266 iratus
1974 1208 2091 1277 est,
2130 1219 2255 1264 non

591 1320 620 1368 5
649 1309 1046 1372 obliviscetur
1103 1311 1423 1388 misereri,
1483 1327 1601 1372 nec
1668 1310 1990 1390 quicquam
2038 1325 2253 1370 eorum

645 1435 803 1498 quae
843 1418 992 1480 fecit
1046 1417 1198 1482 deus
1260 1420 1502 1481 odivit.¹²
1561 1421 1897 1480 Assumens
1950 1419 2011 1476 in
2057 1434 2251 1496 argu-

643 1533 907 1590 mentum
934 1528 1193 1606 erroris,
1228 1529 1391 1609 quod
1425 1529 1509 1590 ait
1542 1527 1824 1604 dominus
1870 1543 1981 1606 per
2004 1526 2249 1588 Esaiam

639 1637 1031 1717 prophetam:
1091 1637 1647 1719 Congregahuntur
1674 1639 1733 1698 in
1763 1634 2253 1718 congregatione

638 1745 820 1806 unius
865 1743 1056 1807 fascis
1102 1745 1164 1806 in
1211 1745 1447 1822 lacum,
1493 1752 1555 1807 et
1594 1744 1955 1807 claudentur
1998 1741 2059 1803 in
2108 1760 2255 1836 car-

559 1865 616 1911 10
643 1868 873 1930 cerem,
903 1856 963 1912 et
987 1857 1127 1931 post
1152 1851 1373 1914 multos
1400 1851 1535 1914 dies
1562 1851 2017 1914 visitabuntur.⁶
2050 1848 2249 1912 Homo

641 1977 904 2040 namque
946 1961 1228 2042 peccavit
1273 1959 1351 2023 ad
1396 1967 1666 2041 tempus,
1722 1977 1845 2022 non
1895 1978 2052 2045 ergo
2098 1960 2249 2022 deus

637 2071 852 2149 puniet
893 2070 956 2131 in
1001 2074 1339 2131 aeternum.
1429 2071 1480 2132 Ο
1528 2086 1671 2149 spes
1716 2068 1950 2147 inanis,
2004 2087 2043 2131 o
2096 2068 2251 2131 falsa

637 2178 1071 2258 praesumptio.
1157 2176 1295 2239 Non
1340 2176 1553 2239 credat
1602 2177 1827 2239 frustra
1870 2193 2085 2239 errore
2133 2176 2251 2239 de·-

639 2291 889 2366 ceptuS,
949 2285 1116 2366 quod
1171 2285 1379 2365 aliquo
1422 2286 1621 2366 pretio
1664 2287 1745 2347 sit
1788 2286 2249 2360 redimendus,‹1

557 2402 613 2450 ¹³
641 2397 928 2477 quoniam
958 2397 1021 2459 in
1061 2396 1307 2459 inferno
1338 2396 1499 2459 nulla
1530 2402 1627 2459 est
1666 2395 2031 2476 redemptio.
2080 2395 2250 2456 Con-

639 2505 1062 2590 gregabuntur
1129 2522 1285 2586 ergo
1356 2510 1721 2584 peccatores
1786 2504 1849 2567 in
1916 2502 2117 2565 lacum
2187 2507 2251 2564 et

639 2614 1001 2677 claudentur
1049 2614 1110 2675 in
1157 2631 1511 2689 carcerem,
1560 2614 1801 2675 scilicet
1856 2614 1919 2674 in
1974 2614 2245 2689 inferno,

636 2722 699 2782 in
742 2739 862 2801 quo
907 2723 1044 2783 sine
1089 2720 1455 2801 corporibus
1500 2722 1789 2801 usquein
1830 2721 1991 2783 diem
2035 2717 2251 2781 iudicii

778 2868 836 2925 a)
878 2860 1063 2912 Psalm.
1110 2862 1228 2924 102,
1261 2862 1313 2913 9.
1366 2860 1481 2920 144,
1514 2861 1566 2913 9.
1760 2862 1816 2932 b)
1860 2862 1981 2927 Sap.
2027 2862 2109 2925 11,
2149 2860 2243 2911 25.

634 2938 686 2999 c)
723 2930 894 2982 Isaiae
931 2932 1018 2996 24,
1056 2934 1141 2985 22.
1314 2932 1375 3003 d)
1413 2932 1513 2985 ,tob
1558 2933 1639 2992 15,
1678 2932 1769 2985 31.

781 3092 1067 3164 [Inscript.]
1111 3094 1218 3144 Cur
1284 3095 1431 3159 Quod
1470 3091 1557 3145 CJ.
1726 3093 1777 3144 5.
1817 3092 2137 3144 obliviscitur
2176 3092 2248 3143 fl.

631 3162 686 3213 6.
725 3162 846 3213 deus
882 3178 983 3213 om.
1016 3166 1079 3214 Μ.
1265 3202 1278 3215 .
1319 3165 1541 3216 Esaiam
1578 3178 1680 3214 om.
1700 3162 1789 3215 CJ.
1936 3163 1991 3216 8.
2013 3164 2247 3231 prophe-

633 3240 742 3282 tam
778 3248 880 3283 om.
901 3237 963 3284 Μ.
1001 3236 1060 3285 in
1097 3239 1553 3303 eonyreqationem
1588 3237 1655 3285 Μ.
1800 3235 1854 3284 9.
1894 3238 2047 3301 fastis
2086 3234 2251 3299 (facis

632 3304 750 3356 add.
789 3304 854 3355 ad
883 3310 1072 3373 marg.)
1115 3306 1177 3358 n.
1293 3312 1370 3357 14.
1409 3306 1741 3357 redimendus
1775 3306 1841 3357 sit
1881 3307 1946 3357 M.
2044 3306 2127 3357 18.
2148 3321 2247 3355 us-

631 3389 726 3439 que
763 3376 835 3426 ad
869 3377 1004 3427 diem
1042 3377 1106 3429 Μ.
