2507 4119
647 459 732 513 ³8
1170 469 1501 510 moenum
1530 471 1627 510 rr.
1654 471 1747 510 ιιι.

645 607 728 662 ἰιι
765 599 998 662 vacetis
1043 599 1353 677 orationi,
1405 605 1469 662 et
1521 600 1741 662 iterum
1774 599 2166 663 revertimini
2196 599 2272 661 iin

650 707 943 788 idipsum,
985 725 1070 770 ne
1100 712 1299 769 tentet
1326 723 1441 770 vos
1468 709 1729 771 Saturus
1752 713 2017 788 propter
2044 708 2274 770 incen-

660 814 981 877 tinentiam
1025 818 1350 875 vestram·
1420 813 1641 876 Melius
1676 819 1777 876 est
1814 813 1979 874 unm
2008 812 2272 891 uthere,

665 941 841 1005 quam
883 926 1032 986 uri.b
1117 925 1354 1007 Pugnat
1394 939 1548 1004 ergo
1580 929 1797 985 contra
1828 922 2271 986 continentiam

610 1053 638 1098 5
666 1034 924 1116 angelus
946 1035 1232 1112 Satanae,
1253 1032 1357 1113 qui
1388 1031 1719 1096 carnaliter
1740 1031 2008 1095 stimulat
2034 1037 2097 1093 et
2116 1049 2271 1114 gra-

660 1146 820 1205 viter
839 1141 1202 1222 colaphizat,
1229 1142 1435 1224 ignem
1460 1147 1715 1204 naturae
1740 1139 1885 1202 flatu
1908 1139 2273 1221 suggestio-

659 1254 758 1318 nis
778 1252 1118 1336 succendit,
1144 1252 1461 1314 materiam
1490 1251 1759 1331 apponit,
1784 1247 2135 1311 facultatem
2155 1249 2275 1310 tri-

657 1363 810 1440 buit,
834 1367 892 1424 et
911 1361 1423 1442 opportunitatem
1442 1358 1765 1420 ministrat.
1826 1357 2061 1440 Pugnat
2084 1356 2272 1417 etiam
2310 1399 2315 1404 -

664 1478 724 1535 et
772 1473 1016 1552 species
1067 1488 1224 1550 quae
1271 1469 1474 1532 subito
1516 1467 1653 1530 visa
1701 1471 1834 1545 est,
1879 1463 2065 1528 sacile
2113 1481 2275 1526 con-

582 1603 640 1650 10
666 1582 1018 1661 cupiscitur.
1105 1577 1281 1641 Unde
1331 1596 1470 1640 cum
1518 1575 1717 1638 David
1760 1581 1903 1656 post
1948 1570 2273 1636 meridiem

647 1665 1086 1753 'deambularet
1131 1689 1193 1749 in
1236 1687 1462 1768 palatio
1508 1685 1723 1748 domus
1782 1683 1997 1765 regiae
2049 1681 2272 1744 videns

666 1815 746 1860 ex
789 1796 1055 1859 adverso
1097 1795 1413 1858 Bersabee
1473 1814 1543 1858 se
1601 1793 1939 1870 lavantem,
2002 1791 2169 1854 misit
2215 1795 2275 1853 et

662 1905 796 1968 tulit
841 1925 975 1969 eam
1023 1911 1084 1967 et
1129 1905 1418 1968 dormivit
1462 1922 1601 1966 cum
1641 1921 1737 1982 ea,
1782 1902 2105 1966 eratenim
2134 1919 2274 1965 mu-

664 2013 781 2078 lier
827 2013 1082 2095 pulchra
1119 2013 1377 2078 .nimis.⁶
1462 2011 1655 2075 Porro
1716 2013 1819 2094 qui
1878 2029 2015 2074 cum
2078 2027 2275 2074 uxore

583 2146 638 2191 15
669 2129 781 2201 est,
827 2123 1104 2185 solicitus
1152 2129 1248 2183 est
1294 2140 1451 2202 quae
1494 2127 1635 2183 sunt
1680 2118 1889 2182 mundi
1936 2124 1996 2182 et
2040 2119 2275 2182 divisus

667 2231 813 2292 estsi
897 2230 1267 2291 Distrahitur
1313 2230 1473 2291 enim
1537 2247 1647 2309 per
1690 2227 1905 2291 multas
1954 2228 2272 2310 angustias

669 2343 731 2399 et
769 2338 832 2399 in
875 2336 1301 2399 solicitudines
1342 2337 1547 2400 varias
1594 2336 1972 2416 dissecatur,
2015 2340 2082 2397 ut
2132 2334 2271 2397 filiis

669 2452 729 2509 et
771 2446 976 2524 uxori,
1024 2443 1264 2508 famulis
1309 2450 1369 2508 et
1411 2444 1649 2507 ancillis
1682 2444 2037 2507 necessaria
2074 2462 2273 2525 quae-

665 2560 763 2617 rat
805 2560 866 2616 et
905 2552 1339 2633 subministret.
1440 2552 1885 2617 Tribulationes
1931 2570 2083 2635 ergo
2132 2572 2273 2616 car-

814 2692 866 2755 a)
905 2684 1084 2737 LCor.
1115 2685 1164 2747 7,
1186 2685 1238 2735 5.
1388 2684 1443 2756 b)
1488 2684 1529 2735 1.
1546 2684 1666 2735 Cor.
1700 2686 1751 2751 7,
1782 2684 1834 2737 9.
1982 2688 2035 2755 c)
2055 2684 2121 2736 11.
2138 2684 2273 2754 neg.

673 2761 758 2822 11,
796 2753 958 2810 2-4.
1042 2800 1053 2809 .
1105 2756 1166 2825 d)
1209 2752 1393 2808 1.Gor.
1441 2756 1492 2820 7,
1526 2756 1617 2807 33.

813 2945 867 2995 2.
905 2945 998 3013 ne]
1051 2960 1158 2994 mm
1197 2942 1291 2994 Ca.
1382 2958 1451 2993 iic
1504 2950 1713 3011 temptat
1770 2959 1880 2994 vos·
1914 2941 2147 2995 diabolus
2201 2944 2274 2995 M.

670 3017 725 3067 5.
763 3016 998 3082 graviter
1033 3028 1136 3063 om.
1175 3014 1236 3064 C.
1342 3014 1397 3065 6.
1434 3014 1775 3081 sufflationis
1805 3016 1935 3081 flatu
1966 3016 2038 3065 M.
2148 3014 2203 3067 9.
2226 3023 2278 3065 et

671 3100 776 3135 om.
815 3087 888 3136 M.
931 3086 1087 3135 etiam
1124 3092 1173 3135 et
1206 3085 1375 3151 speeie
1412 3084 1471 3137 G.
1510 3093 1586 3137 est
1622 3099 1727 3135 om.
1764 3084 1825 3135 0.
1978 3089 2060 3135 11.
2100 3086 2160 3135 in
2190 3100 2285 3137 ³0²-

671 3155 812 3207 lario
845 3156 1021 3206 demus
1057 3156 1245 3223 reyioee
1263 3156 1337 3205 M.
1489 3157 1570 3207 12.
1595 3164 1711 3207 erat
1744 3164 1919 3207 autem
1946 3156 2137 3207 mlier
2156 3156 2281 3223 pa»

671 3226 810 3277 elim
840 3226 1012 3290 valde,
1044 3228 1181 3277 misit
1219 3235 1268 3276 et
1304 3227 1419 3278 tulit
1452 3243 1571 3277 eam
1604 3234 1654 3277 et
1686 3227 1925 3279 dominic
1950 3244 2062 3279 cum
2082 3226 2183 3277 cua
2200 3228 2277 3279 M.

675 3298 762 3350 16.
801 3307 875 3349 est
909 3313 1013 3348 om.
1057 3298 1127 3346 Μ’.
1187 3300 1460 3365 anqustiaes
1498 3307 1547 3349 et
1592 3299 1821 3349 iniurias
1852 3298 1897 3350 J.
2082 3298 2166 3349 17.
2216 3298 2279 3349 ἀι

671 3368 855 3421 varias
893 3368 1246 3420 solicitudine
1287 3370 1359 3420 M.
1438 3369 1747 3440 dissecatur]
1793 3369 2111 3438 disceptatur
2145 3367 2196 3420 J.
