2507 4119
687 471 756 506 m:
793 469 946 508 con-r.
977 469 1170 506 nuum.
1207 469 1319 508 un.
1354 472 1418 508 u.
1780 458 1852 512 65

243 594 370 656 lum
429 599 490 656 et
533 592 754 657 malum
802 594 1068 669 bonum,
1127 602 1430 675 ponentes
1486 595 1685 656 lucem
1752 603 1856 660 te-

243 705 476 766 nebras
523 710 586 766 et
623 703 914 768 tenebras
953 703 1214 784 lucem,⁸
1242 703 1681 767 mortificantes
1712 706 1857 767 ani-

245 829 380 874 mas
427 830 586 894 quae
619 793 752 875 ¹non
798 813 1159 890 moriuntur,
1199 819 1265 874 et
1285 811 1669 874 vivificantes
1714 813 1858 873 ani-

239 938 376 982 mas
422 937 582 1000 quae
623 935 749 982 non
781 921 1050 983 vivunts»
1100 921 1227 984 Vos
1274 920 1435 987 enim
1480 936 1605 982 non
1648 927 1855 982 atten-

245 1028 394 1092 ditis
451 1029 670 1093 merita
716 1048 1074 1111 causarum,
1121 1030 1236 1093 sed
1278 1030 1501 1092 merita
1546 1045 1853 1110 persona·
1880 1051 1909 1100 5

241 1155 420 1217 rum,
465 1155 591 1200 non
635 1139 808 1212 iura,
853 1139 966 1202 sed
1022 1156 1313 1219 munera,
1357 1157 1483 1201 non
1540 1138 1857 1216 iustitiam,

243 1248 364 1312 sed
420 1248 777 1329 pecuniam,
843 1267 968 1312 non
1027 1249 1192 1330 quod
1246 1249 1406 1312 ratio
1467 1250 1693 1328 dictet,
1743 1248 1861 1312 sed

245 1358 417 1439 quod
447 1360 730 1422 voluntas
777 1359 1060 1439 affectat,
1105 1379 1233 1423 non
1279 1361 1421 1442 quid
1455 1361 1559 1424 lex
1596 1361 1858 1437 sanciat,

245 1465 366 1530 sed
421 1466 567 1548 quid
612 1484 788 1531 mens
831 1470 1053 1550 cupiat.
1160 1470 1301 1533 Non
1364 1469 1671 1532 inclinatis
1716 1468 1860 1531 ani-

241 1593 412 1638 mum
459 1577 536 1642 ad
581 1575 898 1652 iustitiam,
948 1577 1062 1640 sed
1105 1577 1398 1641 iustitiam
1434 1576 1749 1641 inclinatis
1776 1577 1855 1640 ad
1886 1593 1942 1640 ιο

241 1687 550 1763 animum,
597 1703 724 1748 non
770 1692 836 1748 ut
881 1686 1047 1766 quod
1092 1685 1240 1750 licet
1299 1686 1423 1749 hoc
1473 1683 1693 1768 libeat,
1742 1687 1857 1750 sed

238 1807 312 1862 ut
358 1798 547 1860 liceat
585 1796 710 1859 hoe
751 1797 916 1879 quod
962 1796 1130 1860 libet.
1214 1797 1533 1879 Nunquam
1570 1797 1631 1859 in
1677 1797 1857 1859 vobis

245 1911 337 1972 ita
381 1907 642 1987 simplex
688 1911 783 1968 est
839 1906 1054 1969 oculus
1075 1953 1093 1984 ,
1149 1911 1217 1970 ut
1272 1912 1463 1968 totum
1508 1921 1732 1986 eorpus
1776 1903 1858 1968 sit

243 2016 574 2098 lucidum,⁰
607 2015 719 2080 sed
767 2014 997 2097 aliquid
1041 2031 1286 2096 semper
1329 2013 1679 2078 admiscetis
1725 2013 1859 2078 fer-

239 2126 463 2205 menti,
507 2141 630 2207 quo
671 2130 861 2187 totam
901 2141 1162 2187 massam
1199 2121 1645 2204 corrumpitis.‹1
1696 2122 1858 2185 Pau-
1882 2138 1938 2187 ιδ

237 2252 464 2315 perum
508 2252 756 2297 causam
799 2251 939 2296 eum
985 2251 1160 2296 mora
1199 2232 1555 2317 negligetiS,
1604 2232 1857 2295 divitum
1930 2292 1934 2295 .

245 2360 502 2406 eausam
548 2360 683 2405 cum
754 2342 1044 2407 instantia
1093 2341 1493 2422 promovetis.
1601 2340 1670 2403 In
1734 2340 1857 2403 illis

247 2452 530 2535 rigorem
575 2452 938 2530 ostenditis,
985 2468 1122 2513 cum
1181 2451 1317 2513 istis
1379 2469 1460 2513 ex
1501 2456 1859 2513 mansuetu-

243 2560 396 2623 dine
441 2559 832 2641 dispensatis,
935 2559 1080 2622 lllos
1141 2576 1277 2622 cum
1336 2557 1690 2633 difficultate
1745 2576 1858 2620 re·-

393 2746 448 2813 a)
485 2743 654 2795 laniae
674 2744 724 2807 5,
740 2744 828 2795 20.
942 2744 1002 2812 b)
1024 2743 1218 2796 Ezech.
1247 2744 1330 2807 13,
1357 2742 1439 2795 19.
1592 2744 1650 2811 c)
1674 2740 1854 2793 matth.

243 2814 298 2880 6,
321 2816 412 2866 22.
559 2814 620 2885 d)
646 2814 688 2868 1.
703 2815 824 2866 Cor.
847 2814 898 2878 5,
935 2814 988 2867 6.

395 3026 441 3075 1.
483 3024 721 3075 tenebras
758 3022 924 3075 lucem
958 3032 1006 3073 et
1028 3022 1192 3073 lucem
1229 3019 1469 3073 tenebras
1490 3022 1563 3072 M.
1651 3024 1704 3074 2.
1728 3022 1857 3072 ant·-

239 3110 356 3145 κιαι
397 3094 464 3144 nd
500 3110 662 3161 marg.
687 3108 808 3161 pon.
833 3096 896 3146 M.
970 3096 1024 3145 4.
1064 3096 1220 3160 enim]
1247 3101 1415 3143 autem
1455 3092 1549 3144 Μ).
1624 3093 1675 3146 6.
1703 3094 1825 3143 iura
1915 3141 1933 3158 ,

241 3166 404 3217 vitam
443 3162 504 3215 G.
651 3165 702 3215 7.
739 3166 918 3235 dictet]
961 3164 1157 3216 diceret
1192 3164 1275 3217 h.
1424 3164 1494 3216 ·8.
1532 3165 1741 3232 affectet
1764 3162 1803 3213 C
1838 3200 1853 3215 .
1946 3173 1989 3213 ἰ

246 3236 332 3286 lez
369 3235 548 3287 sanxit
587 3236 660 3287 M.
805 3237 856 3289 9.
895 3252 1039 3286 mem
1077 3237 1214 3303 cupit
1250 3238 1325 3287 M.
1480 3240 1561 3287 11.
1606 3234 1741 3301 quod
1782 3234 1857 3284 h·-

247 3316 366 3359 eeat
402 3310 475 3359 M.
626 3302 708 3357 14.
749 3324 950 3375 semper
986 3307 1184 3373 aliquid
1220 3307 1267 3359 J.
1428 3306 1511 3358 16.
1553 3323 1667 3357 cum
1704 3320 1859 3356 mora

248 3390 348 3428 om.
392 3378 450 3429 C.
603 3376 686 3429 17.
732 3395 846 3430 cum
879 3394 1074 3447 magna
1113 3378 1371 3430 instantia
1401 3374 1449 3427 J.
