2507 4119
650 467 724 523 σθ
1173 479 1482 520 tuocum
1522 483 1603 520 rr.
1641 481 1727 520 m.

647 609 1102 686 trementesque
1149 603 1509 685 discedunt,
1564 605 1667 685 qui
1726 605 1887 668 hunc
1930 604 2128 668 solum
2176 619 2261 668 ex

648 714 928 778 omnibus
969 714 1360 778 facultatibus
1400 715 1605 781 cibum
1639 714 1903 778 miserae
1934 715 2115 779 matri
2147 732 2261 778 re-

641 823 971 904 liquerunt.

1278 987 1366 1040 CA
1377 987 1430 1040 P.
1471 987 1627 1040 XXX.

646 1093 802 1155 Quod
843 1093 1161 1159 quandoque
1198 1092 1425 1157 punitur
1464 1092 1749 1162 innnocem,
1796 1097 1850 1144 et
1898 1105 2101 1143 nocem
2151 1092 2255 1144 ab-

1327 1186 1568 1239 solvitur.

807 1305 998 1368 Nemo
1027 1322 1095 1366 se
1141 1303 1408 1366 confidat
1444 1310 1757 1384 expertem
1804 1322 1841 1366 a
1875 1320 2100 1385 poena,
2149 1303 2251 1383 qui

471 1421 478 1432 ⁴
587 1422 711 1474 fise
759 1411 930 1473 novit
992 1411 1319 1472 immunem
1379 1429 1414 1473 a
1455 1411 1652 1492 culpa.
1761 1411 1877 1486 Qui
1936 1416 2093 1491 stat,
2154 1411 2255 1472 vi-

643 1520 785 1582 deat
837 1537 918 1581 ne
977 1518 1210 1582 cadat.a
1303 1519 1453 1582 Nam
1521 1535 1709 1598 saepe
1767 1519 2071 1580 innocens
2132 1517 2250 1580 da-

641 1634 920 1706 mnatur,
967 1634 1028 1690 et
1073 1645 1311 1690 nocens
1356 1627 1726 1691 absolvitur:
1786 1628 1921 1707 pius
1980 1627 2249 1706 punitur,

643 1741 704 1796 et
761 1735 1098 1797 honoratur
1157 1735 1401 1817 impiuS.
1479 1735 1651 1798 lesus
1712 1735 2134 1818 crucifigitur,
2191 1740 2253 1796 et

641 1841 944 1906 Barrabas
989 1843 1305 1905 liberatur.
1376 1843 1575 1906 Hodie
1615 1843 1713 1905 vir
1741 1843 1933 1905 iustus
1977 1849 2038 1904 et
2068 1843 2250 1923 quie-

560 1956 738 2014 ¹⁰tus
782 1951 1032 2028 inutiliS,
1080 1951 1175 2013 vir
1217 1951 1549 2034 religiosus
1580 1950 1923 2033 hypocrita,
1969 1951 2068 2012 vir
2100 1950 2256 2012 sim-

636 2059 779 2141 plex
827 2059 1028 2121 fatuus
1074 2066 1409 2139 reputatur.
1510 2058 1842 2121 Deridetur
1885 2061 2045 2122 enim
2106 2059 2249 2123 iusti

577 2163 584 2170 ’
638 2166 1017 2246 simplicitas,
1108 2166 1367 2247 Lampas
1410 2172 1759 2248 contempta
1799 2168 1958 2249 apud
2004 2169 2252 2250 cogita-

638 2274 842 2335 tiones
891 2273 1196 2336 divitum.b

781 2413 840 2479 a)
879 2408 922 2460 1.
941 2410 1060 2463 Cor.
1097 2410 1182 2476 10,
1209 2413 1293 2464 12.
1438 2411 1503 2481 b)
1524 2410 1625 2465 Job
1658 2414 1740 2477 12,
1768 2368 1929 2465 445.

787 2578 837 2625 1.
880 2579 1249 2639 trementesque
1286 2574 1360 2623 M.
1410 2574 1519 2642 qm]
1545 2580 1593 2623 et
1621 2574 1696 2623 Μ.
1841 2576 1893 2625 2.
1912 2572 2249 2640 facultatibus

641 2643 808 2709 ond,
847 2643 911 2695 ad
936 2658 1100 2709 marg.
1131 2658 1255 2709 pon.
1278 2642 1343 2695 Μ.
1395 2643 1639 2717 miserae]
1680 2644 1921 2695 miseriae
1943 2645 1991 2698 J.
2026 2647 2250 2697 miserae

639 2717 803 2769 matrs·
836 2714 1160 2781 reliquerunt
1194 2713 1362 2765 cibum
1400 2714 1467 2765 Μ.
1618 2713 1913 2785 [Inscript]
1960 2716 2043 2767 De
2072 2732 2247 2784 poena

638 2787 948 2839 innocentis.
969 2786 1036 2837 Μ.
1113 2786 1166 2837 6.
1193 2785 1475 2837 ἀαιηιιοιω·
1508 2787 1760 2837 innocens
1780 2787 1847 2839 Μ.
1934 2787 1984 2837 7.
2001 2796 2051 2838 οε
2076 2801 2182 2841 om.
2196 2788 2245 2843 J,

643 2858 698 2909 8.
735 2857 920 2924 impius
954 2855 1245 2907 bonoratur
1274 2857 1343 2907 nl.
1452 2856 1505 2909 9.
1524 2858 1684 2909 inam
1705 2865 1753 2909 et
1773 2858 1837 2907 ad
1856 2872 2167 2925 mammon.
2181 2860 2247 2923 ΙΙ,

645 2942 750 2981 om.
770 2927 859 2980 CJ.
1011 2930 1095 2985 12.
1123 2927 1373 2997 Lampas]
1400 2927 1525 2979 Jam
1559 2945 1671 2996 pan:
1682 2927 1729 2981 J.
1772 2936 2063 2996 contempta
2098 2937 2175 2982 est
2195 2929 2247 2982 J.
