2507 4119
643 417 716 476 96
1159 429 1473 470 mecum
1511 429 1589 468 rr»
1634 431 1723 472 m.

647 561 714 618 et
765 552 1118 620 luxuriosus
1175 559 1449 618 exercet.
1546 553 1831 618 Honores
1887 552 2263 620 ambitiosus

649 661 921 741 affectat,
967 668 1030 726 et
1055 663 1357 744 superbus
1384 662 1639 728 extollit.
1722 662 2107 728 Ambitiosus
2134 681 2267 728 nu·-

643 776 768 836 tem
815 788 1060 850 semper
1097 774 1191 834 est
1227 768 1509 850 pavidus,
1556 787 1799 852 semper
1839 775 2129 848 attentus,
2172 789 2265 834 ne

645 878 794 960 quid
839 878 1008 944 dicat
1047 877 1150 942 vel
1189 878 1415 956 faciat,
1459 877 1623 960 quod
1668 878 1731 942 in
1790 877 1987 942 oculis
2047 879 2265 942 homi·-

587 1005 617 1055 ι
643 1005 787 1053 num
849 987 1052 1052 valeat
1107 985 1475 1066 displicere,
1528 985 1925 1050 humilitatem
1982 986 2259 1066 simulat,

644 1096 1030 1160 honestatem
1095 1093 1423 1172 mentitur,
1494 1091 1911 1160 affabilitatem
1974 1094 2253 1174 exhibet,

646 1203 1088 1285 benignitatem
1152 1200 1455 1280 ostendit,
1502 1202 1893 1284 subsequitur
1936 1208 1999 1268 et
2062 1203 2263 1266 obse..

647 1312 890 1393 quitur,
933 1316 1191 1376 cunctos
1246 1309 1548 1390 honorat,
1606 1311 1917 1376 universis
1972 1311 2258 1394 inclinat,

647 1419 1000 1501 frequentat
1043 1418 1285 1498 curiati,
1328 1418 1537 1482 visitat
1578 1419 1936 1500 optimatem
1982 1422 2263 1503 assurgit

561 1551 619 1604 ιο
645 1535 708 1594 et
759 1528 1168 1612 amplexatur,
1227 1526 1537 1608 applaudit
1601 1534 1663 1590 et
1722 1527 2028 1608 adulatur,
2091 1529 2257 1596 bene

647 1638 825 1708 novit
865 1637 1012 1700 illud
1056 1636 1398 1717 poeticum:
1444 1636 1571 1700 Etsi
1620 1636 1819 1702 nullus
1868 1637 1988 1702 erit
2029 1638 2253 1718 pulvis,

647 1757 854 1814 tamen
895 1748 1126 1814 excutit
1166 1747 1405 1812 ullum.⁸
1470 1747 1785 1828 Promptus
1830 1753 1891 1811 et
1950 1748 2256 1823 fervidus,

642 1858 748 1922 ubi
789 1857 1040 1939 placere
1070 1855 1535 1940 recognoverit,
1578 1855 1873 1920 remissus
1900 1862 1961 1920 et
1984 1857 2252 1937 tepidus,

645 1965 754 2030 ubi
788 1965 1093 2047 putaverit
1139 1964 1488 2045 displicere.
1576 1964 1884 2044 Improbat
1924 1965 2107 2043 mala,
2138 1965 2255 2032 de-

567 2097 624 2147 tt
649 2081 908 2139 testatur
949 2075 1196 2155 iniqua,
1239 2073 1353 2138 sed
1396 2074 1515 2137 alia
1562 2092 1699 2139 cum
1749 2074 1885 2137 aliis
1934 2076 2157 2155 probat
2192 2081 2255 2142 et

651 2184 986 2265 improbat,
1029 2189 1096 2245 ut
1136 2181 1441 2251 iudicetur
1486 2182 1786 2260 idoneus,
1830 2187 1897 2247 ut
1938 2189 2257 2263 reputetur

656 2295 986 2370 acceptus,
1044 2294 1112 2351 ut
1167 2287 1447 2353 laudetur
1508 2292 1585 2353 ab
1642 2290 2031 2372 hominibus,
2100 2298 2160 2355 et
2216 2311 2254 2357 a

651 2397 912 2479 singulis
952 2398 1349 2479 approbetur.
1445 2397 1523 2461 Et
1584 2416 1736 2462 ecce
1789 2419 2042 2484 gravem
2096 2401 2252 2465 intra

549 2502 554 2507 ’
650 2524 722 2571 se
763 2505 1024 2568 sustinet
1066 2522 1356 2587 pugnam,
1404 2505 1837 2587 difficilemque
1880 2508 2252 2583 conflictum,

565 2636 627 2684 20
653 2614 794 2676 dum
838 2613 1127 2695 iniquitas
1162 2613 1365 2694 pulsat
1390 2614 1678 2693 animum,
1724 2622 1785 2677 et
1816 2616 2065 2679 ambitio
2098 2634 2252 2680 con-

651 2723 802 2788 tinet
851 2738 1132 2803 manum,
1195 2726 1258 2783 et
1302 2719 1467 2803 quod
1510 2720 1614 2784 illa
1668 2721 1977 2805 suggerit
2008 2722 2249 2791 facien-

805 2885 862 2953 ι)
901 2878 1155 2933 cf.-0vid.
1194 2882 1310 2932 Art.
1347 2878 1390 2932 1.
1433 2880 1551 2933 151.

800 3046 852 3097 2.
887 3048 1025 3111 forte
1059 3045 1325 3096 coetotln‘tur
1357 3043 1419 3093 ad
1441 3058 1603 3107 marg.
1622 3050 1730 3094 not.
1746 3041 1826 3093 ct.
1866 3051 2039 3094 autem
2060 3056 2163 3095 om.
2188 3042 2251 3097 tt.

655 3120 739 3169 12.
772 3124 954 3168 excato
973 3117 1038 3178 M,
1077 3114 1344 3167 excaecet.
1379 3113 1564 3181 uuum]
1584 3114 1728 3167 illum
1747 3114 1860 3177 ClJ,
1900 3115 2101 3165 nullum
2120 3113 2255 3166 moa.

661 3189 744 3240 13.
787 3188 1087 3254 cognoverit
1131 3185 1239 3249 HJ,
1290 3187 1528 3254 coqnooo‘t
1565 3184 1624 3237 C.
1810 3186 1893 3237 ¹⁷.
1944 3185 2249 3253 bominibus]

656 3258 930 3315 omuibus]
986 3261 1058 3329 et]
1097 3265 1153 3308 ut
1189 3255 1329 3311 ch.
1422 3257 1505 3311 18.
1542 3257 1711 3328 intra]
1742 3254 1939 3311 interl.
2029 3260 2117 3311 21.
2136 3272 2249 3309 na·-

655 3336 800 3402 mtm]
840 3328 1032 3381 malum
1068 3328 1181 3380 uA.
