2507 4119
647 459 724 516 52
1168 465 1481 508 tuocum!
1518 467 1601 506 rr.
1640 469 1732 508 m.

645 593 812 660 solet
871 609 1062 672 sopor
1108 608 1417 670 occupare
1456 591 1771 670 homines,
1824 609 2019 672 pavor
2064 594 2261 655 tenuit

647 720 750 766 me
793 707 856 764 et
902 707 1166 780 tremor,
1214 705 1277 762 et
1318 698 1523 762 omnia
1564 717 1709 762 ossa
1752 717 1891 762 mea
1930 703 2257 781 perterrita

647 811 814 884 sunt,
859 812 920 868 et
963 823 1100 869 curn
1143 805 1390 885 spiritus
1432 824 1529 868 me
1570 813 1897 885 praesente
1940 808 2261 886 transiret,

648 916 1087 980 inhorruerunt
1113 913 1217 994 pili
1259 914 1463 976 carnis
1496 901 1721 978 ineae.·
1783 916 2124 979 Considera
2149 915 2263 978 Iol>

593 1043 629 1093 s
654 1021 994 1086 dicentem:
1041 1020 1106 1083 Si
1149 1021 1405 1097 dixero,
1452 1021 1875 1086 consolabitur
1916 1039 2016 1084 me
2058 1021 2263 1084 lectus

648 1149 857 1209 meus,
897 1136 958 1192 et
999 1129 1327 1192 revelabor
1368 1127 1627 1209 loquens
1670 1147 1907 1194 mecum
1958 1130 2020 1192 in
2064 1135 2266 1193 stratu

651 1257 834 1316 meo;
869 1238 1132 1302 terrebis
1177 1255 1275 1300 me
1316 1254 1428 1318 per
1473 1238 1755 1316 somnia,
1800 1245 1865 1301 et
1904 1257 2017 1318 per
2058 1239 2265 1301 visio-

647 1366 762 1410 nes
800 1346 1064 1408 horrore
1109 1345 1480 1407 concuties,b
1545 1344 2122 1409 Nabuchodonosor
2144 1363 2259 1409 so-

647 1453 877 1516 mnium
923 1452 1107 1530 vidit,
1153 1453 1315 1533 quod
1367 1471 1504 1514 euin
1561 1453 1741 1515 valde
1784 1455 2155 1533 perterruit,
2199 1459 2263 1516 et

557 1582 616 1632 10
650 1566 925 1630 visiones
989 1564 1205 1644 capitis
1274 1564 1405 1626 eius
1468 1563 1990 1627 conturbaverunt
2056 1575 2261 1625 eum.⁶

646 1675 864 1738 Multas
909 1690 1090 1737 ouras
1133 1678 1473 1753 sequuntur
1512 1673 1777 1752 somnia,
1820 1678 1883 1735 et
1924 1672 2027 1734 ubi
2066 1672 2251 1734 multa

643 1783 923 1857 somnia,
983 1782 1289 1844 vanitates
1330 1780 1676 1862 plurimae.d
1758 1780 1979 1845 Multos
2036 1798 2259 1843 errare

646 1892 929 1955 fecerunt
971 1891 1250 1969 somnia,
1312 1895 1374 1951 et
1414 1889 1781 1952 exciderunt
1822 1896 2145 1969 sperantes
2190 1890 2255 1950 in

648 1998 823 2063 illis.⁰
894 1997 1207 2079 Apparent
1268 1996 1429 2058 enim
1502 1995 1859 2074 frequenter
1916 2000 2139 2075 turpes⁸
2186 1995 2253 2055 in

561 2126 618 2175 15
648 2107 905 2171 somniis
948 2106 1289 2187 imagines,
1353 2124 1432 2169 ex
1488 2105 1707 2185 quibus
1763 2122 1875 2185 per
1938 2104 2263 2168 illusiones

645 2221 984 2279 nocturnas
1024 2230 1152 2275 non
1177 2213 1377 2276 solum
1408 2231 1555 2276 caro
1599 2212 1909 2293 polluitur,
1955 2213 2069 2275 sed
2120 2212 2265 2273 ani-

647 2342 747 2387 ma
783 2340 1026 2403 quoque
1058 2322 1419 2384 maculatur.
1506 2320 1683 2384 Unde
1728 2320 2013 2383 dominus
2046 2321 2107 2382 in
2134 2322 2267 2383 Le-

646 2429 871 2491 vitico:
918 2428 984 2491 si
1021 2428 1121 2507 sit,
1167 2427 1386 2507 inquit,
1430 2426 1593 2489 inter
1628 2444 1745 2491 vos
1776 2427 1961 2489 homo
1986 2426 2092 2506 qui
2122 2427 2259 2506 pol-

645 2537 808 2601 lutus
860 2537 942 2600 sit
999 2536 1063 2598 in
1123 2542 1428 2598 nocturno
1494 2552 1713 2599 somno
1736 2580 1755 2614 ,
1814 2540 1988 2598 extra
2052 2541 2255 2598 castra

559 2647 1023 2729 megi-odiatur,
1073 2651 1133 2708 et
1180 2661 1333 2706 non·
1368 2649 1713 2707 revertatur
1761 2644 2112 2724 priusquam
2174 2643 2253 2707 ad

787 2769 840 2836 a)
878 2762 979 2819 Job
1017 2763 1070 2825 4,
1094 2760 1323 2814 13—16.
1428 2760 1489 2826 b)
1529 2760 1955 2825 Job7,13-14.
2066 2764 2119 2825 e)
2139 2760 2253 2811 Da-

643 2841 775 2893 niel.
814 2841 866 2899 2,
902 2840 948 2887 1.
1097 2834 1158 2903 d)
1198 2832 1378 2884 Eccle.
1415 2833 1469 2897 5,
1506 2832 1557 2885 2.
1594 2832 1647 2885 6.
1801 2834 1857 2899 e)
1892 2829 2061 2882 Eccli.
2085 2832 2174 2895 34,
2200 2832 2248 2883 7.

795 2956 844 3002 1.
879 2964 1046 3018 pavor
1077 2946 1265 3014 premit
1299 2945 1347 2998 J.
1492 2944 1544 2995 4.
1566 2943 1883 2994 horruerunt
1922 2944 1993 2993 M.
2106 2943 2157 2996 6.
2195 2944 2255 2993 in

647 3033 813 3079 serato
849 3036 962 3071 meo
998 3017 1045 3070 J.
1189 3016 1245 3068 8.
1280 3017 1504 3067 horrore
1538 3030 1619 3066 me
1656 3016 1731 3065 Μ.
1790 3044 1801 3055 ·
1882 3015 1965 3067 10.
2006 3014 2117 3063 eius
2146 3028 2250 3064 om.

649 3097 743 3150 CJ.
783 3108 896 3145 eum
936 3084 1371 3140 conturbaverunt
1409 3088 1481 3137 M.
1636 3087 1717 3135 11.
1743 3084 1942 3136 Multae
1981 3100 2143 3134 curae
2164 3083 2253 3136 GJ.

653 3172 738 3221 12.
777 3163 1034 3232 plurimae
1079 3158 1340 3207 vanitates
1384 3159 1457 3206 M.
1647 3157 1729 3206 14.
1771 3154 2146 3222 Appamerunt
2182 3155 2252 3204 M.

647 3240 710 3292 in
747 3234 959 3288 somniis
996 3239 1166 3293 turpes
1196 3228 1268 3278 Μ.
1380 3225 1463 3279 17.
1504 3243 1699 3294 quoque
1729 3241 1828 3275 om.
1848 3226 1943 3278 MJ.
2044 3226 2127 3278 18.
2163 3226 2259 3291 irt-

649 3311 758 3379 qm't
807 3321 906 3357 om.
928 3304 1003 3353 M.
1043 3300 1130 3366 qui
1176 3306 1431 3349 nocturno
1472 3298 1677 3368 potatus
1725 3298 1792 3349 sit
1833 3298 2061 3362 somnio,
2100 3312 2255 3365 eqn-

647 3385 827 3436 affatur
860 3384 1013 3428 extra
1047 3378 1225 3423 castra
1262 3371 1339 3421 M.
