2507 4119
702 455 772 492 ms
810 456 964 496 com.
1004 456 1194 495 nuum.
1233 458 1345 496 mn.
1386 459 1427 496 1.
1780 445 1851 500 47

241 577 400 642 Nam
443 578 544 659 qui
587 579 780 643 creati
823 579 1082 659 fuimuS,
1128 586 1195 642 ut
1235 580 1693 646 dominaremur
1753 585 1855 666 pi-

243 687 686 778 scibus‘maris
727 695 790 752 et
832 689 1179 754 volatilibus
1215 691 1399 771 coeli,
1443 698 1505 755 et
1544 693 1855 756 universis

245 796 660 860 animantibus
718 805 876 880 quae
940 805 1267 863 moventur
1308 799 1374 861 in
1427 805 1647 878 terrae
1689 818 1855 864 nune

243 903 370 967 illis
417 903 633 968 damur
678 906 739 971 in
784 907 1072 987 praedam
1116 915 1176 970 et
1230 907 1296 970 in
1340 926 1549 971 escam
1601 909 1691 970 eis
1734 909 1852 971 tri-

244 1011 511 1077 buimur.
596 1015 899 1096 Scriptum
947 1025 1045 1082 est
1087 1019 1282 1082 enim:
1327 1019 1559 1081 Dentes
1614 1017 1902 1080 bestia-⁸

243 1139 384 1184 rum
425 1123 655 1187 mittam
712 1124 776 1186 in
834 1143 979 1204 eos,
1029 1145 1167 1189 cum
1227 1125 1439 1188 furore
1482 1125 1850 1189 trahentium

245 1249 437 1312 super
479 1236 724 1315 terram,
772 1240 954 1316 atque
997 1235 1423 1316 serpentium.b

893 1417 1036 1472 ΟΑΡ.
1076 1419 1214 1472 xxl.

463 1520 550 1571 De
581 1533 799 1574 camere
835 1523 1085 1593 animae,
1126 1523 1273 1590 quod
1303 1529 1387 1575 est
1418 1535 1639 1588 corpus.

417 1657 642 1722 Infelix
683 1678 804 1744 ego
850 1661 1074 1740 homO,
1128 1661 1263 1743 quis
1308 1682 1405 1726 me
1447 1661 1734 1726 liberabit
1775 1661 1854 1724 de

245 1783 518 1848 corpore
563 1771 776 1833 mortis
832 1771 1084 1834 huius?c
1133 1776 1303 1834 certe
1344 1790 1471 1835 non
1520 1773 1647 1834 vult
1672 1771 1855 1835 educi

243 1876 330 1939 de
378 1893 674 1957 carcere,
725 1879 826 1960 qui
873 1897 1001 1941 non
1049 1879 1177 1943 vult
1219 1879 1393 1944 exire
1440 1882 1517 1948 de
1566 1897 1849 1960 corpore.
1876 1893 1931 1942 10

240 1983 399 2048 Nam
449 2006 669 2050 carcer
713 1989 954 2053 animae
982 2007 1206 2072 corpus
1233 1995 1348 2052 est.
1411 1989 1501 2052 De
1532 2006 1652 2071 quo
1680 1989 1855 2052 Psal-

239 2096 461 2159 mista:
544 2095 717 2160 Educ
795 2098 873 2161 de
952 2117 1208 2161 carcere
1274 2098 1534 2160 animam
1596 2100 1850 2160 meam.·1

242 2204 557 2286 Nusquam
601 2207 776 2286 quies
819 2212 880 2268 et
918 2206 1348 2288 tranquillitas,
1374 2224 1690 2287 nusquam
1732 2224 1853 2286 pax

238 2330 365 2375 nec
407 2314 748 2392 securitaS,
790 2314 1015 2395 ubique
1065 2314 1250 2377 timor
1292 2319 1353 2375 et
1395 2320 1663 2393 tremor,
1708 2314 1852 2379 ubi-

244 2443 366 2507 que
406 2424 584 2489 labor
629 2430 690 2486 et
723 2422 921 2486 dolor.
1010 2422 1169 2486 Caro
1213 2422 1354 2484 dum
1382 2422 1553 2501 vivit,
1597 2420 1848 2505 dolebit,
1872 2430 1929 2481 15

243 2539 306 2599 et
349 2534 552 2597 anima
597 2551 784 2613 super
825 2532 1214 2611 semetipsam
1258 2530 1511 2615 lugebit.

389 2657 444 2721 a)
484 2654 615 2705 Gen.
648 2654 697 2712 1,
730 2652 816 2703 28.
963 2651 1026 2710 b)
1070 2651 1224 2703 Deut.
1264 2653 1353 2717 32,
1388 2650 1477 2705 24.
1603 2655 1656 2721 c)
1698 2650 1846 2705 Rom.

244 2728 297 2793 ⁷,
339 2727 428 2777 24.
576 2723 628 2793 d)
668 2722 858 2775 Psalm.
897 2721 1019 2786 141,
1055 2722 1110 2774 8.

389 2854 441 2905 3.
478 2861 748 2907 moventur
767 2867 925 2919 super
959 2858 1158 2903 terram
1173 2852 1251 2903 Μ.
1288 2867 1430 2905 nunc
1464 2854 1649 2905 damur
1664 2853 1771 2904 illis
1788 2853 1849 2904 in

234 2927 516 2998 praedam,
555 2925 741 2975 damur
775 2916 832 2972 in
866 2938 1038 2973 escam
1065 2924 1141 2973 M.
1291 2924 1339 2975 7.
1366 2932 1518 2991 atque
1534 2926 1849 2993 serpentina

239 3001 440 3052 om.M.
475 3023 502 3053 0
554 2996 840 3064 [inscript]
869 2992 1002 3060 quod
1036 3001 1110 3043 est
1145 3012 1334 3063 corpus
1370 3010 1473 3046 om.
1498 2997 1617 3047 Mc.
1707 2995 1757 3048 8.
1784 2994 1853 3047 dc·

237 3086 460 3123 earcere
496 3068 677 3117 mortis
709 3066 862 3115 huius
897 3068 948 3117 J.
997 3064 1108 3130 quis
1144 3062 1377 3117 liber-alit
1412 3084 1491 3117 me
1528 3066 1589 3117 de
1627 3082 1846 3134 corpore

236 3142 389 3194 buius
403 3136 689 3191 miseriae?
705 3140 778 3188 Μ.
804 3170 807 3172 -
840 3135 894 3187 9.
909 3150 1015 3185 non
1037 3149 1139 3186 om.
1159 3138 1287 3189 Cav.
1367 3138 1450 3191 10.
1468 3154 1575 3187 non
1594 3152 1697 3187 om.
1714 3138 1845 3189 ΟΠ.

239 3214 324 3266 12.
365 3210 640 3263 Psalmista
688 3208 815 3258 dicit
854 3208 925 3257 M.
987 3206 1219 3258 animam
1265 3225 1433 3259 meam
1480 3208 1553 3259 ad
1602 3204 1680 3258 δι’.
1714 3224 1769 3259 π.
1804 3216 1842 3259 1.

239 3284 290 3335 d.
317 3286 390 3335 M.
470 3282 553 3331 13.
575 3280 839 3345 Nusquam
874 3286 948 3328 est
973 3276 1080 3328 MJ.
1120 3296 1374 3347 nusquam
1410 3288 1484 3330 est
1506 3280 1579 3330 M.
1659 3279 1742 3331 15.
1757 3279 1843 3331 vi..

240 3356 314 3406 vit
350 3352 566 3425 (gaudet
604 3354 839 3421 superp.)
881 3350 955 3400 M.
1109 3351 1196 3403 16.
1235 3361 1285 3403 ee
1319 3366 1423 3402 om.
1464 3350 1593 3402 Cn.
