2507 4119
762 475 832 512 nn
857 473 1009 512 conr.
1029 473 1223 512 nuum.
1270 475 1375 512 mu.
1402 475 1487 511 m.
1800 461 1896 510 141

277 603 754 684 torquebuntur,
798 608 859 664 et
916 607 1058 682 post
1099 601 1319 662 multos
1366 600 1535 678 dies,
1580 604 1898 679 postquam

283 711 581 774 videlicet
622 715 990 792 resurgent,
1035 727 1169 772 cum
1233 707 1600 788 corporibus
1650 708 1778 769 suis
1834 707 1897 768 in

284 821 624 884 novissimo
673 820 775 881 die
831 815 1257 896 visitabuntur,
1309 834 1435 879 non
1477 816 1558 879 ad
1617 817 1897 894 salutem,

281 928 392 1013 sed
441 927 519 988 ad
564 928 930 1005 vindictam,
974 927 1111 1005 quia
1148 931 1290 1006 post
1318 925 1476 987 diem
1507 924 1713 987 iudicii
1742 928 1897 1004 gra'-

283 1035 420 1097 vius
465 1036 812 1116 punientur.
899 1034 1004 1096 Sic
1047 1040 1108 1116 et
1138 1033 1284 1096 alibi
1328 1033 1583 1096 dicitur:
1620 1032 1893 1095 visitabo
1922 1043 1950 1088 5

276 1142 349 1202 in
394 1144 575 1224 virga
625 1141 973 1220 ianuitates
1023 1157 1274 1218 eorum,
1322 1144 1383 1202 et
1426 1139 1489 1201 in
1532 1139 1895 1202 verberibus

271 1256 544 1330 ‹peccata
603 1262 867 1312 eorum.m
957 1247 1437 1311 Praedestinatis
1504 1265 1659 1330 ergo
1738 1246 1891 1310 deus

284 1357 572 1419 irascitur
631 1357 1080 1438 temporaliter,
1128 1356 1271 1437 quia
1330 1355 1602 1438 flagellat
1648 1372 1892 1418 omnem

285 1463 438 1526 deus
465 1463 673 1541 lilium,
712 1483 886 1544 quem
923 1464 1192 1544 recipit,b
1224 1463 1303 1524 de
1335 1464 1551 1542 quibus
1595 1464 1737 1525 illud
1782 1482 1896 1526 ac-

275 1573 541 1654 cipitur:
587 1574 724 1636 Non
768 1573 830 1634 in
871 1573 1054 1634 finem
1098 1573 1404 1634 irascetur
1448 1579 1566 1635 etc.
1652 1575 1976 1653 Repro-to

281 1682 381 1744 bis
441 1688 642 1744 autem
703 1682 854 1744 deus
917 1681 1205 1743 irascitur
1262 1681 1692 1756 aeternaliter,
1750 1683 1891 1762 quia

283 1792 508 1852 iustum
555 1797 668 1870 est,
712 1797 777 1851 ut
822 1791 982 1870 quod
1031 1790 1252 1870 impius
1296 1792 1358 1852 in
1408 1807 1521 1854 suo
1565 1794 1891 1871 praevari-

285 1905 460 1960 catur
501 1905 777 1976 aeterno,
825 1899 978 1961 deus
1011 1898 1346 1961 ulciscatur
1386 1901 1447 1960 in
1476 1917 1589 1961 suo
1618 1905 1888 1962 aeterno.

271 2005 435 2069 -Nam
493 2004 638 2067 licet
703 2004 1004 2085 peccandi
1065 2003 1323 2067 facultas
1386 2003 1547 2067 illum
1610 2003 1887 2088 dimittat,

279 2112 416 2194 ipse
461 2119 665 2175 tamen
705 2130 832 2175 non
875 2112 1116 2175 dimittit
1154 2112 1529 2175 voluntatem
1563 2114 1886 2195 peccandi.
1914 2127 1970 2175 15
2024 2092 2029 2100 ¹

275 2221 580 2301 Scriptum
638 2227 733 2283 est
780 2222 974 2284 enim:
1037 2221 1335 2302 Superbia
1384 2238 1633 2301 eorum,
1684 2224 1786 2305 qui
1828 2231 1888 2286 te

279 2328 566 2408 oderunt,
598 2328 878 2391 ascendit
914 2344 1208 2409 sempera*
1251 2329 1405 2393 Nam
1448 2348 1571 2393 non
1600 2331 1890 2395 humilia-

271 2436 508 2534 buntur
551 2436 802 2517 reprobi
848 2438 968 2499 iam
1019 2437 1331 2518 desperati
1376 2437 1457 2501 de
1509 2441 1725 2519 venia,
1773 2440 1884 2502 sed

270 2539 626 2621 malignitas
674 2540 802 2602 odii
849 2547 1077 2603 tantum
1118 2542 1184 2604 in
1238 2542 1359 2604 illis
1416 2550 1774 2621 excrescet,
1822 2551 1886 2605 ut

277 2766 345 2819 ⁷3
408 2702 480 2820 ἓ
521 2696 708 2748 Panum.
745 2696 835 2762 88,
859 2697 947 2751 33.
1050 2671 1112 2768 ιη’
1153 2698 1309 2751 near.
1352 2701 1436 2764 12,
1458 2697 1510 2752 6.
1621 2699 1881 2772 ewulm.

423 2950 470 2997 1.
506 2956 775 3015 praequam
810 2948 1050 2999 videlicet
1086 2964 1200 2997 cum
1232 2956 1507 3016 resument
1536 2950 1603 3000 Μ.
1712 2950 1765 3001 2.
1788 2967 1879 3001 re-

265 3021 505 3086 sument]
547 3021 934 3070 resurrexerint
975 3018 1064 3072 CJ.
1119 3034 1234 3069 cum
1273 3022 1575 3087 corporibus
1610 3022 1716 3071 suis
1753 3036 1877 3087 pon.

263 3090 336 3139 ad
379 3103 544 3155 marg.
576 3090 642 3152 M,
684 3091 790 3140 suis
827 3104 929 3140 om.
955 3090 1112 3142 CavJ.
1261 3092 1313 3142 5.
1360 3091 1474 3159 Sic]
1516 3091 1621 3142 Sed
1654 3091 1743 3153 CJ,
1782 3092 1880 3144 αι’·

239 3161 364 3211 ,δίο
399 3160 463 3209 ad
501 3175 666 3225 marg.
692 3161 808 3211 add.
831 3160 922 3211 Ca.
965 3170 1014 3211 et
1045 3177 1148 3215 om.
1170 3164 1297 3216 Cav.
1446 3163 1499 3214 7.
1534 3162 1657 3213 deus
1686 3178 1787 3213 om.
1810 3164 1875 3215 Μ.

266 3230 323 3281 8.
364 3228 648 3296 flaqellam't
682 3232 749 3281 Μ.
898 3232 951 3283 9.
992 3232 1114 3284 deus
1149 3250 1255 3285 om.
1280 3232 1439 3286 MClJ.
1504 3236 1709 3303 recipit]
1748 3234 1877 3285 dili.

263 3301 344 3369 9⁸⁹&
382 3300 470 3352 CJ.
565 3302 645 3355 10.
686 3312 784 3353 etc.
823 3317 927 3354 om.
957 3302 1084 3356 Cav.
1193 3306 1276 3357 13.
1303 3320 1395 3356 suo
1432 3306 1673 3373 aeterno]
1695 3322 1787 3356 wo
1810 3306 1873 3355 nt.

271 3371 806 3443 16.'eorum]itlorum
844 3374 909 3425 Μ.
1065 3376 1142 3428 17.
1173 3377 1310 3428 Nam
1347 3390 1559 3443 nuperp.
1580 3376 1765 3441 M‚om.
1784 3374 1873 3430 GJ.
