2507 4119
647 419 722 478 u
1165 431 1479 472 unocnru
1516 433 1601 470 rr.
1642 433 1733 470 m.

655 555 803 638 quid
845 574 1032 636 super
1085 557 1209 620 hoc
1253 557 1484 618 veritas
1538 555 1723 620 dicit:
1790 555 1993 619 Nolite
2034 556 2269 622 soliciti

653 681 800 731 esse
839 663 1156 728 dieentes:
1201 664 1363 740 Quid
1398 663 1922 742 manducabimus,
1968 670 2071 732 aut
2114 666 2267 746 quid

649 771 952 852 bibemus,
997 779 1102 838 aut
1150 791 1273 854 quo
1316 772 1711 854 operiemur?
1762 773 1897 838 Scit
1936 774 2103 836 enim
2140 792 2266 854 pa-

646 886 745 946 ter
796 887 1009 946 vester
1047 881 1380 960 eoelestis,
1426 881 1567 962 quia
1608 881 1705 944 hia
1762 881 2045 944 omnibus
2084 882 2261 946 indi-

587 1005 620 1052 ι
646 990 834 1074 getis.
913 990 1206 1065 Quaerite
1245 1007 1401 1074 ergo
1440 992 1699 1070 primum
1740 1007 2002 1073 regnum
2048 989 2151 1054 dei
2196 995 2261 1054 et

645 1097 938 1164 iustitiam
981 1097 1137 1175 eius,
1183 1104 1244 1160 et
1274 1097 1433 1162 haee
1478 1099 1683 1162 omnia
1724 1087 2096 1162 adiicientur
2136 1114 2257 1161 vo..

644 1206 797 1272 bia·
864 1204 1186 1286 Nunquam
1217 1206 1383 1269 enim
1424 1205 1553 1270 vidi
1596 1206 1818 1269 iustum
1866 1206 2251 1286 derelictum,

647 1333 770 1383 neo
809 1333 1024 1380 semen
1071 1315 1204 1380 eius
1253 1333 1561 1396 quaerens
1604 1318 1877 1396 panem.b

1318 1530 1465 1584 cAP.
1502 1531 1594 1584 Xi.

1256 1653 1341 1706 De
1376 1653 1637 1706 avaritia.

810 1787 1096 1851 Tantains
1149 1787 1277 1850 sitit
1328 1787 1394 1849 in
1449 1789 1779 1878 undiS,‚et
1834 1805 2057 1851 avarus
2110 1794 2253 1872 eget

559 1925 619 1975 ω
644 1899 707 1960 in
753 1897 1027 1982 ορίῑηιε,ο
1079 1897 1179 1960 eui
1223 1903 1451 1960 tantum
1486 1897 1769 1977 estquod
1812 1897 2015 1974 habet,
2055 1914 2255 1976 qnan-

643 2013 770 2073 tum
813 2013 908 2071 est
957 2006 1118 2088 quod
1168 2023 1294 2069 non
1334 2005 1541 2085 habet,
1587 2005 1729 2086 quia
1776 2022 2083 2085 nunquam
2128 2004 2255 2067 uti-

643 2124 744 2183 tur
805 2115 1157 2195 acquisitis,
1205 2115 1319 2179 sed
1376 2132 1620 2195 semper
1676 2114 1871 2177 inhiat
1914 2116 2254 2194 acquiren-

647 2227 764 2293 dis.
823 2224 1148 2289 Salomon:
1189 2224 1301 2287 Est
1334 2228 1508 2305 quasi
1540 2222 1737 2301 diveS,
1772 2241 1905 2287 cum
1952 2222 2101 2287 nihii
2131 2224 2250 2286 ha-

650 2334 812 2412 beat,
854 2338 915 2394 et
945 2337 1041 2405 est
1084 2331 1261 2411 quasi
1304 2348 1557 2412 pauper,
1604 2348 1741 2393 cum
1786 2330 1853 2391 in
1897 2329 2100 2395 multis
2148 2331 2251 2393 di-

563 2464 620 2513 15
645 2442 813 2509 vitiis
855 2440 990 2508 aits¹
1037 2440 1281 2503 Avarus
1320 2446 1383 2501 et
1421 2439 1701 2503 infernus
1744 2444 2003 2521 uterque
2031 2456 2257 2517 ‚eome-

647 2551 737 2619 dit
799 2530 872 2615 et*
915 2566 1044 2617 non
1105 2546 1370 2628 digerit,
1437 2548 1661 2627 recipit
1718 2552 1781 2611 et
1846 2564 1973 2609 non
2032 2546 2253 2611 reddit.

643 2660 891 2729 Avarus
933 2676 1052 2720 neo
1101 2655 1471 2737 patientibus
1521 2655 1922 2735 compatitur,
1967 2672 2087 2717 nec
2134 2653 2253 2717 mi-

645 2769 808 2839 seris
871 2767 1160 2831 subvenit
1219 2763 1319 2825 vel
1375 2763 1742 2842 miseretur,
1816 2761 1928 2825 sed
1995 2761 2254 2825 offendit

789 2907 844 2971 a)
869 2901 1044 2956 matth.
1061 2901 1114 2965 6,
1135 2899 1366 2953 31-34,
1407 2896 1533 2950 Luc.
1560 2899 1642 2961 12,
1664 2897 1893 2949 29-32.
1983 2895 2041 2966 b)
2062 2895 2249 2947 Psalm-

646 2974 736 3038 36,
760 2976 848 3027 25.
1031 2981 1081 3037 e)
1119 2972 1299 3023 Horat.
1330 2969 1567 3023 sermon.
1588 2968 1631 3019 Ι.
1651 2972 1696 3019 t.
1718 2966 1807 3021 68.
1846 2966 2014 3033 Epist.
2029 2966 2072 3019 Ι.
2095 2969 2149 3021 2.
2167 2962 2255 3018 56.

643 3047 702 3113 d)
738 3044 889 3096 Prov.
915 3044 998 3107 13,
1028 3044 1079 3095 7.
1730 3094 1735 3097 .

796 3191 844 3242 1.
881 3190 1079 3241 veritas
1121 3187 1265 3238 dicat
1311 3186 1378 3239 M.
1580 3183 1633 3237 4.
1688 3182 1921 3237 eoelestis
1970 3181 2035 3234 ad
2090 3196 2257 3249 marg.

645 3276 775 3330 pon.
816 3262 884 3315 Μ.
1026 3258 1078 3313 5.
1121 3267 1170 3311 et
1205 3258 1455 3311 iustitiam
1493 3256 1603 3308 eim
1640 3254 1889 3307 om.Cav.
2052 3252 2137 3307 16.
2171 3253 2259 3304 do·-

643 3332 803 3403 9erit,
838 3332 1012 3399 utique
1049 3331 1114 3381 Μ.
1268 3328 1351 3382 18.
1378 3329 1608 3381 subvenit
1642 3326 1727 3380 vel
1762 3340 1869 3377 om.
1886 3325 1952 3377 M.
