2507 4119
571 434 673 490 162
1085 449 1401 487 rnnocnru
1436 450 1521 487 rr.
1560 447 1646 486 m.

565 589 811 652 semper
850 571 1008 653 fluit,
1050 588 1297 651 semper
1350 571 1606 636 scaturit
1643 571 1893 635 labores
1932 569 2173 653 fideles,

565 684 635 740 ut
676 677 838 742 hanc
895 677 1162 742 habeant
1221 677 1617 756 claustrales,
1676 672 1743 740 ut
1796 676 1957 738 hanc
2009 677 2173 738 reti-

565 792 756 849 neant
805 785 1122 868 virgines,
1166 792 1232 848 ut
1275 786 1393 848 hac
1439 803 1511 848 se
1554 785 1886 850 informent
1922 785 2169 858 viduae,

567 900 630 956 et
672 895 736 956 in
776 895 892 957 hac
921 912 1136 956 omnes
1179 895 1593 974 requiescant.
1652 893 1946 957 Diabolus
1975 911 2175 974 quan-

511 1021 542 1066 a
571 1003 774 1083 doque
809 1003 1114 1066 hominem
1161 1003 1361 1066 irritat
1392 1002 1472 1065 ad
1498 1004 1745 1078 bonum,
1786 1009 1854 1065 ut
1897 1004 1976 1066 de
2006 1003 2172 1065 bono

565 1112 820 1195 gravius
860 1111 1082 1174 malum
1127 1111 1357 1174 eliciat.
1446 1112 1675 1175 Contra
1718 1111 1881 1174 hunc
1913 1110 2175 1174 daemo-

563 1218 663 1281 nis
705 1218 992 1280 insultum
1043 1217 1205 1280 valet
1249 1220 1738 1299 perseverantia,
1776 1223 1843 1279 ut
1883 1217 1962 1280 de
2004 1219 2172 1280 bono

563 1319 702 1388 fine‘
730 1326 892 1389 bona
939 1323 1302 1389 claudantur
1346 1325 1543 1388 initia.
1628 1325 1801 1389 Bona
1850 1327 2010 1387 enim
2064 1326 2173 1387 in-

563 1431 796 1494 choare
857 1436 920 1494 et
973 1431 1132 1494 malo
1189 1433 1313 1494 fine
1370 1431 1785 1510 concludere,
1852 1437 1948 1494 est
1987 1446 2173 1492 mon-

481 1555 540 1604 10
564 1546 809 1604 struosa
859 1540 1240 1624 confingere.
1331 1539 1438 1602 llla
1462 1541 1623 1602 enim
1652 1541 1814 1602 actio
1842 1540 2169 1602 Chimaera

561 1654 679 1727 est,
727 1625 899 1728 quae'
925 1648 1162 1710 initium
1195 1647 1444 1712 habeta
1485 1648 1748 1725 ratione,
1794 1647 1977 1710 finem
2014 1663 2168 1709 vero

561 1774 598 1818 a
645 1757 1064 1821 sensualitate.
1129 1757 1277 1820 Cum
1304 1758 1465 1820 enim
1504 1759 1599 1820 sic
1633 1757 1858 1838 agitur,
1904 1756 2169 1818 humano

561 1866 750 1946 capiti
795 1867 1098 1929 cervicem
1142 1866 1347 1946 pictor
1406 1865 1687 1946 depingit
1732 1865 2057 1945 equinam,
2106 1869 2169 1926 et

561 1974 656 2038 sic
721 1976 944 2042 varias,
998 1974 1234 2036 inducit
1302 1973 1842 2053 infructuosasque
1910 1971 2173 2052 plumas.

478 2097 536 2145 a
564 2082 730 2146 Cave
787 2101 977 2164 ergo,
1031 2101 1070 2146 o
1115 2083 1346 2157 homo,
1400 2100 1480 2144 ne
1540 2082 1703 2145 actio
1748 2087 1849 2144 tua
1892 2086 2170 2143 monstra

559 2188 799 2270 pariat,
866 2206 1068 2280 neque
1131 2191 1351 2273 gignat
1416 2190 1769 2271 praestigia.
1878 2186 2165 2251 Enormis
2247 2259 2252 2265 ,

560 2298 724 2361 enim
770 2298 1003 2361 fructus
1047 2298 1344 2377 viventiS,
1390 2300 1445 2360 si
1490 2297 1671 2378 capiti
1727 2314 1853 2359 non
1894 2312 2165 2376 respon-

561 2406 703 2469 deat
744 2405 904 2468 finis.
989 2406 1142 2469 Sunt
1189 2406 1351 2469 enim
1396 2405 1686 2486 quidam,
1736 2422 1994 2486 quorum
2038 2404 2164 2465 vita

559 2521 897 2578 monstrum
943 2514 1224 2579 mirabile
1266 2521 1396 2593 est,
1442 2532 1700 2595 quorum
1754 2514 1991 2577 initium
2041 2513 2164 2574 bo-

473 2632 537 2680 20
558 2640 700 2703 num
737 2624 911 2703 quasi
957 2629 1137 2704 caput
1177 2623 1441 2685 hominis
1486 2621 1853 2703 praetendit,
1888 2621 2157 2684 medium

556 2749 709 2795 vero
753 2732 816 2793 in
861 2731 1160 2794 luxuriam
1199 2729 1591 2793 descendens
1629 2736 1906 2792 ventrem
1936 2746 2161 2809 caprae

553 2838 924 2920 praetendit,
969 2837 1048 2901 ad
1069 2836 1341 2900 ultimum
1379 2836 1447 2899 in
1476 2836 1870 2916 rapacitatem
1904 2834 2162 2897 devians

556 2949 735 3029 lupae
763 2946 954 3028 pedes
985 2945 1273 3009 ostendit.
1340 2945 1441 3007 Ah
1472 2946 1679 3025 homo,
1724 2944 1867 3025 quid
1911 2942 2167 3024 prodest

700 3089 752 3139 4.
791 3097 840 3140 et
877 3089 937 3138 in
963 3088 1066 3137 hac
1101 3103 1276 3138 omnes
1312 3088 1667 3157 requiescant]
1705 3094 1761 3137 ut
1792 3086 1895 3137 hac
1925 3086 2165 3151 requies-

557 3169 676 3213 cent
713 3160 777 3211 Μ.
929 3162 1011 3209 14.
1051 3166 1100 3208 et
1135 3160 1212 3209 sic
1251 3160 1433 3209 varias
1533 3158 1761 3226 plumas]
1789 3166 1837 3208 et
1872 3157 1950 3207 sic
1975 3158 2158 3207 varias
2225 3168 2230 3174 ·

555 3232 852 3296 inducitque
895 3231 1246 3297 infructuosas
1279 3230 1484 3297 plumas
1524 3230 1589 3279 Μ.
1759 3226 1841 3279 16.
1878 3227 2053 3295 pariet
2092 3229 2159 3277 M.

552 3305 742 3372 neque]
781 3309 836 3352 ut
870 3300 936 3351 M.
1196 3300 1278 3351 18.
1322 3316 1429 3350 non
1466 3297 1777 3369 respondeat
1809 3299 1946 3365 finis.
2000 3298 2164 3350 Hane

437 3393 444 3401 ·
555 3370 911 3424 enormitatem
951 3373 1018 3424 Μ.
1076 3370 1212 3422 enim
1247 3384 1353 3421 oin.
1396 3371 1462 3423 M.
