2507 4119
660 464 740 520 28
1181 479 1495 518 innocui-n
1536 481 1619 516 ιιι».
1658 481 1747 520 111.

663 606 762 664 tra
805 619 1039 682 senem,
1083 603 1224 684 quia
1251 603 1412 684 quod
1443 621 1671 683 summ,
1718 605 1836 668 iste
1862 606 1993 689 suit,
2040 607 2278 674 erimus

664 707 1034 790 quandoque
1078 709 1242 791 quod
1284 709 1389 772 hic
1430 715 1543 774 est.

1316 891 1461 944 CAP.
1512 892 1628 944 xil.
1654 933 1667 946 .

1129 1013 1215 1064 De
1248 1011 1442 1065 labore
1473 1013 1809 1066 mor-tatium.

830 1135 980 1196 Avis
1011 1151 1165 1216 ergo
1194 1135 1471 1198 nascitur
1500 1137 1579 1198 ad
1606 1136 1955 1218 volandum,
1990 1145 2051 1201 et
2076 1140 2265 1204 homo

661 1241 938 1305 nascitur
977 1242 1055 1306 ad
1086 1244 1415 1306 laborem·
1478 1243 1694 1308 Cuncti
1730 1246 1864 1310 dies
1911 1247 2043 1312 eius
2086 1249 2276 1313 labo-

601 1349 834 1414 zribus
882 1358 944 1415 et
1010 1353 1318 1416 aerumnis
1379 1351 1543 1432 pleni
1600 1357 1773 1433 sunt,
1834 1371 1952 1416 nec
1996 1372 2109 1434 per
2148 1373 2274 1418 no-

662 1465 824 1521 ctem
858 1459 1193 1540 requiescit
1235 1478 1408 1529 mens
1456 1461 1609 1524 eius.
1698 1461 1775 1524 Et
1818 1464 1961 1543 quid
2006 1465 2126 1526 hoc
2172 1471 2271 1529 est

661 1567 785 1629 nisi
828 1568 1113 1630 vanitas?
1208 1569 1345 1631 Non
1394 1574 1489 1632 est
1519 1570 1837 1650 quisquam
1868 1571 2005 1634 sine
2046 1570 2264 1635 labore

659 1677 776 1740 sub
818 1676 976 1754 sole,
1023 1692 1148 1738 non
1189 1683 1286 1740 est
1327 1676 1462 1740 sine
1493 1678 1742 1742 defectu
1782 1680 1895 1741 sub
1940 1678 2107 1757 luna,
2138 1697 2263 1742 non

623 1819 630 1829 ss
659 1785 912 1862 estsine
932 1785 1198 1848 vanitate
1221 1785 1335 1848 sub
1357 1790 1649 1865 tempore.
1691 1785 1949 1865 Tempus
1974 1791 2071 1848 est
2092 1803 2267 1850 mora

575 1903 636 1950 ιο
659 1911 866 1957 rerum
909 1893 1306 1956 mutabilium.
1392 1892 1642 1955 Vanitas
1669 1892 2025 1972 vanitatum,
2074 1894 2270 1974 inquit

658 2003 1094 2082 EcclesiasteS‚
1133 2009 1194 2065 et
1235 2003 1440 2066 omnia
1482 2005 1777 2067 vanitas.b
1833 2002 1885 2067 Ο
1930 2021 2108 2083 quam
2152 2021 2269 2067 va-

659 2113 758 2175 ria
799 2118 940 2175 sunt
985 2112 1186 2173 studia
1231 2111 1566 2189 hominum,
1613 2127 1792 2191 quam
1838 2112 2084 2175 diversa
2131 2117 2275 2173 sunt

661 2219 980 2283 exercitia.
1087 2218 1256 2280 Unus
1302 2224 1396 2280 est
1453 2224 1654 2280 tamen
1705 2219 1972 2281 omnium
2020 2218 2159 2281 finis
2212 2222 2274 2282 et

659 2326 825 2389 idem
871 2325 1147 2405 effectuS‚
1191 2325 1370 2388 labor
1401 2331 1463 2387 et
1503 2324 1758 2388 afflictio
1802 2326 2073 2406 spiritus.
2140 2324 2273 2389 Oc-

577 2450 636 2496 15
663 2434 905 2515 cupatio
951 2451 1174 2515 magna
1233 2438 1443 2496 creata
1503 2438 1597 2495 est
1658 2433 1939 2495 omnibus
2002 2431 2273 2495 homini-

657 2543 812 2623 bus,
875 2548 937 2605 et
979 2543 1186 2625 iugum
1248 2560 1443 2625 grave
1489 2559 1676 2622 super
1730 2542 1888 2605 filios
1928 2541 2166 2621 Adam,
2194 2596 2201 2605 i
2231 2560 2267 2605 a

658 2653 763 2717 die
811 2652 1010 2717 exitus
1054 2652 1132 2715 de
1181 2657 1398 2714 ventre
1440 2653 1651 2715 matris
1695 2668 1930 2730 eorum,
1967 2667 2163 2732 usque
2201 2650 2264 2712 in

659 2761 823 2825 diem
866 2760 1213 2839 sepulturae
1257 2758 1320 2821 in
1361 2766 1615 2822 matrem
1664 2761 1979 2821 omnium.0

805 2888 862 2952 a)
900 2884 1018 2935 Job.
1058 2886 1110 2949 5,
1149 2885 1202 2935 7..
1288 2883 1347 2955 h)
1383 2882 1564 2935 Eccle.
1594 2884 1714 2947 1,2.
1820 2887 1871 2954 c)
1909 2879 2260 2947 Ecoli.4o,¹.

803 3014 857 3065 3.
901 3029 1024 3081 ergo
1067 3027 1170 3063 om.
1209 3012 1257 3065 J.
1414 3013 1469 3062 4.
1506 3011 1577 3063 ad
1612 3010 1958 3063 laborandum
1992 3010 2060 3063 Μ.

659 3084 715 3137 6.
755 3084 829 3137 Et
865 3084 965 3135 Ιισο
999 3100 1172 3133 nonne
1208 3085 1418 3135 vanitas
1456 3081 1552 3133 MJ.
1712 3080 1767 3133 9.
1804 3085 1977 3152 mora]
2016 3088 2180 3131 motus
2198 3080 2265 3133 A.
2376 3094 2379 3097 ’

667 3156 875 3224 Tempus
913 3154 1050 3205 enin
1092 3162 1166 3206 εει
1201 3171 1352 3206 mora
1397 3161 1561 3205 motus
1594 3168 1773 3203 rerum
1810 3151 2132 3204 mutabilium
2170 3150 2267 3201 MJ.

663 3230 750 3280 11.
770 3228 950 3295 varia]
986 3241 1128 3277 vana
1164 3225 1211 3278 J.
1364 3227 1446 3276 12.
1486 3224 1707 3277 hominia
1742 3224 1915 3275 studia
1952 3226 2017 3275 M.
2056 3225 2263 3275 diversa

659 3298 916 3351 exercitia
949 3296 998 3349 J.
1148 3298 1234 3351 15.
1276 3304 1349 3349 est
1384 3310 1488 3347 om.
1516 3296 1585 3349 Μ.
1718 3296 1800 3349 16.
1834 3294 1972 3361 filios
2008 3295 2157 3347 Adae
2188 3291 2259 3347 Μ.

658 3370 748 3423 17.
785 3385 943 3438 usquo
979 3368 1050 3422 ad
1082 3368 1131 3421 J.
