2507 4119
1005 509 1331 548 rmunwno.
1916 511 2007 551 Vl!

393 670 748 753 rimbergae
764 719 781 750 ‚
831 669 1118 745 Parisiis,
1164 671 1470 750 venetiis,
1515 669 1849 751 Coloniae,
1892 671 2005 735 Li·

392 799 568 882 psiae
585 846 604 878 ,
668 798 985 863 Levaniae
1002 848 1018 879 ,
1064 799 1447 880 Antverpiae
1462 848 1481 880 ‚
1535 800 1812 864 Viennae
1853 801 1993 864 Au-

395 933 590 997 striae
646 939 907 1016 paratae
958 941 1022 996 et
1061 951 1100 996 a
1143 933 1299 996 viris
1344 933 1559 1014 probis
1616 934 1997 1018 eruditisque

395 1068 730 1148 evulgatae
769 1073 928 1132 sunt.
998 1068 1263 1130 loannes
1287 1065 1609 1145 cochleas,
1658 1067 1759 1131 vir
1791 1068 1857 1130 in
1896 1086 2001 1130 ee-

395 1197 588 1262 elesia
625 1197 991 1279 celebratus,
1031 1198 1096 1261 in
1135 1199 1383 1281 litteris,
1426 1219 1584 1284 quae
1622 1200 1998 1280 exemplari·

395 1331 510 1397 bus
532 1331 781 1412 Lipsiae
810 1335 997 1408 15:34,
1027 1332 1409 1414 Antverpiae
1438 1337 1603 1396 1540
1618 1339 1681 1395 et
1712 1332 1991 1396 Viennae

395 1464 688 1528 Austriae
733 1465 796 1527 in
843 1465 1096 1528 aedibus
1152 1465 1418 1542 caesarii
1470 1465 1726 1546 collegii
1780 1464 2001 1529 Socie-

395 1597 545 1662 tatis
587 1600 726 1662 lesu
769 1602 963 1676 (anno
1006 1619 1127 1661 non
1173 1599 1412 1676 addito)
1454 1599 1638 1662 editis
1678 1601 1996 1680 praefixae

391 1737 556 1806 sunt,
597 1729 710 1794 hes
758 1730 953 1794 libros
985 1731 1123 1795 viro
1153 1731 1668 1796 reverendissino
1694 1731 1993 1796 cutberto

392 1861 722 1925 Tonstallo
748 1910 767 1942 ,
821 1862 1106 1944 episcope
1170 1863 1566 1926 Dunelmensi
1626 1866 1693 1927 iu
1756 1863 1991 1943 Anglia

390 1989 572 2059 enixe
620 1991 1085 2056 conmendavit.
1119 1992 1169 2073 ¹)
1250 1993 1600 2056 Mirandum
1643 1993 1839 2074 igitur
1877 2000 1995 2071 est,

389 2125 636 2186 eosdem
672 2124 870 2187 libros
912 2123 1309 2206 propioribus
1351 2124 1727 2207 temporibus
1770 2126 1991 2207 negle-

389 2264 524 2321 ctos
567 2259 774 2323 iacere
808 2258 983 2337 adeo,
1031 2266 1100 2321 ut
1137 2259 1249 2322 vix
1279 2260 1345 2322 iu
1386 2256 1723 2323 maioribus
1759 2255 1987 2321 biblin-

389 2391 586 2457 thecis
614 2406 841 2457 ‘eorum
875 2394 1261 2476 exemplaria
1298 2393 1715 2458 inveniantur.

557 2530 730 2604 Quae
777 2546 915 2591 eum
954 2528 1043 2591 ita
1085 2490 1227 2605 sint,
1272 2528 1503 2591 nullius
1542 2527 1827 2590 nomenti
1860 2544 1989 2589 non

383 2677 521 2724 esse
563 2660 846 2723 duximus
864 2706 881 2738 ,
925 2678 1093 2723 nova
1135 2658 1403 2722 editione
1449 2659 1595 2722 illos
1637 2658 1835 2722 libres
1870 2657 1990 2720 eb-

381 2790 646 2869 liviani,
703 2790 803 2853 eui
863 2791 1129 2874 proximi
1177 2791 1576 2868 videbantur,
1634 2789 1879 2870 eripere
1918 2794 1985 2853 et

525 3131 578 3185 1}
599 3126 833 3179 Lecton-is
874 3127 1134 3178 interesse
1172 3084 1325 3177 nobis
1349 3125 1518 3177 visum
1540 3131 1637 3191 est,
1678 3125 1770 3178 has
1792 3123 1974 3177 Coch-

371 3238 447 3291 Ιοί
486 3238 689 3291 litteras
727 3238 1019 3305 inspicer03
1059 3244 1379 3306 quapropter
1407 3235 1527 3289 illas
1565 3238 1705 3305 typis
1740 3236 1890 3289 reddi
1922 3242 1979 3288 et
2000 3316 2013 3328 .

371 3346 674 3401 Innocentii
713 3349 864 3417 operi
907 3349 1169 3418 praemitti
1203 3350 1475 3405 iussimus.
