2507 4119
665 435 769 488 144
1187 448 1499 488 rnocnrn
1540 447 1625 486 ιη.
1662 447 1746 486 m.

661 577 929 638 mierunt
967 576 1030 637 in
1074 576 1329 658 pulvere
1366 583 1591 656 terrae,
1620 575 2017 658 evigilabunt,
2060 576 2167 638 alii
2202 577 2263 637 in

661 685 846 746 vitam
873 691 1210 763 aeternam,
1257 684 1359 748 alii
1396 685 1457 746 in
1484 685 1901 765 opprobrium,
1929 691 1994 746 ut
2020 684 2266 746 videant

661 806 961 872 semper.a
1033 792 1321 856 Salomon
1380 809 1653 874 quoque:
1716 793 1991 870 Mortuo,
2048 792 2262 871 inquit,

664 899 916 964 homine
958 901 1146 982 impio
1203 900 1363 963 nulla
1424 918 1566 982 spes
1610 902 1769 972 erit»
1814 901 1893 963 de
1950 919 2047 963 eo.
2116 901 2269 962 Huic

607 1023 638 1069 a
669 1007 974 1088 extemplo
1014 1009 1224 1070 veniet
1269 1009 1534 1090 perditio
1578 1025 1713 1086 sua,
1758 1015 1820 1070 et
1861 1009 2061 1071 subito
2115 1025 2270 1070 con-

661 1125 919 1196 teretur,
967 1135 1082 1180 nec
1128 1117 1378 1180 habebit
1416 1118 1571 1180 ultra
1617 1117 2030 1210 medicinatus
2058 1118 2137 1179 Et
2164 1117 2268 1177 lo-
2300 1143 2306 1148 ·

663 1244 856 1289 annes
907 1225 1253 1306 apostolus:
1300 1227 1363 1288 Si
1408 1226 1564 1307 quis,
1608 1228 1709 1303 ait,
1756 1226 2109 1288 adoraverit
2156 1227 2269 1288 be..

663 1336 842 1398 stiam
889 1341 952 1397 et
1005 1334 1335 1415 imaginem
1402 1333 1572 1408 eius,
1620 1335 1721 1396 bic
1782 1335 1949 1397 bibet
2000 1333 2080 1396 de
2123 1336 2267 1397 vino

659 1444 794 1504 irae
836 1441 976 1520 dei,
1019 1447 1080 1504 et
1124 1442 1499 1504 cruciabitur
1543 1443 1691 1525 igne
1730 1448 1792 1503 et
1835 1441 2165 1522 sulphure,
2210 1447 2269 1503 et

581 1573 640 1619 ιο
667 1550 864 1612 fumus
911 1555 1353 1612 tormentorum
1400 1548 1697 1612 ascendet
1741 1552 1801 1611 in
1832 1549 2080 1612 saecula
2122 1567 2269 1612 sae-

665 1658 975 1735 culorum,
1024 1675 1143 1721 nec
1185 1657 1435 1721 babebit
1484 1662 1757 1740 requiem
1820 1658 1920 1720 die
1966 1677 2041 1720 ac
2088 1663 2271 1719 nocte

665 1769 770 1849 qui
830 1769 1185 1831 adoraverit
1256 1768 1511 1832 bestiam
1574 1773 1637 1831 et
1696 1768 2023 1850 imaginem
2080 1768 2269 1830 eius.·¹

571 1901 578 1920 =
665 1875 999 1938 Confirmat
1067 1876 1224 1938 baec
1286 1875 1551 1952 veritaS,
1614 1893 1773 1956 quae
1834 1875 2159 1939 damnatos
2212 1875 2272 1935 in

667 1983 900 2046 iudicio
950 1983 1398 2047 sententialiter
1457 1983 1847 2065 reprobabit,
1896 1983 2033 2045 dum
2087 1984 2278 2045 dicet:

583 2111 642 2158 15
670 2094 758 2156 lte
785 2093 1094 2156 maledicti
1118 2094 1178 2154 in
1205 2094 1413 2175 ignem
1439 2098 1778 2171 aeternum,
1810 2094 1911 2173 qui
1941 2110 2272 2172 praepara-

667 2206 764 2262 tus
809 2207 904 2262 est
937 2201 1188 2263 diabolo
1217 2207 1282 2262 et
1309 2200 1549 2283 angelis
1592 2201 1777 2263 (ξίιιε.ο
1832 2200 1895 2263 Si
1932 2200 2267 2262 secundum

665 2308 940 2370 divinum
988 2308 1279 2372 iudicium
1342 2309 1405 2371 in
1453 2325 1565 2371 ore
1628 2310 1883 2371 duorum
1934 2308 2031 2372 vel
2090 2310 2263 2370 trium

575 2445 580 2453 ·
664 2416 908 2478 testium
950 2422 1070 2479 stat
1125 2434 1309 2479 omne
1354 2418 1657 2496 verbum,f
1689 2424 1912 2500 quanto
1958 2418 2158 2498 magis
2204 2417 2265 2477 in

813 2554 874 2619 a)
915 2550 1120 2602 Daniel.
1168 2553 1251 2615 ¹2,
1266 2554 1318 2603 2.
1465 2552 1525 2621 b)
1567 2552 1719 2604 Prov.
1752 2556 1837 2614 11,
1876 2553 1926 2604 7.
2036 2556 2091 2617 ο)
2118 2551 2265 2601 l’rov.

665 2623 721 2685 6,
764 2623 849 2673 15.
996 2621 1050 2689 d)
1090 2622 1260 2687 Apoc.
1307 2622 1386 2683 ¹4,
1416 2622 1610 2676 9-12,
1758 2627 1811 2691 e)
1852 2622 2030 2675 matth.
2068 2622 2158 2683 25,
2186 2621 2272 2673 4¹.

672 2694 718 2757 f>
758 2694 972 2744 Denter.
1016 2692 1208 2755 19,15.
1258 2694 1339 2757 17,
1363 2694 1417 2745 6.
1477 2694 1655 2745 unuh.
1682 2694 1763 2758 18,
1801 2692 1884 2747 16.
1933 2692 2085 2744 Joan.
2114 2692 2169 2756 8,
2196 2692 2273 2742 ¹7.

667 2764 860 2817 ILCor.
907 2764 993 2827 13,
1035 2766 1084 2815 1.
1140 2762 1301 2827 Βοῦς.
1346 2765 1429 2827 10,
1464 2764 1551 2819 28.

815 2928 865 2975 1.
905 2927 964 2976 in
997 2934 1172 2977 terrae
1195 2926 1406 2994 pulvere
1426 2926 1493 2978 Μ.
1604 2928 1658 2977 2.
1696 2927 1795 2977 alii
1836 2934 1895 2977 ue
1946 2926 2275 2994 opprobrium

657 2997 884 3048 videant
918 3014 1120 3063 semper
1151 2997 1200 3048 J.
1346 2999 1401 3048 3.
1440 3012 1638 3064 quoque
1660 3012 1761 3048 om.
1792 2997 1933 3051 ch.
1976 2998 2147 3063 inquit
2166 3010 2265 3045 om.

673 3067 816 3119 nCJ.
1003 3072 1052 3118 4.
1081 3069 1230 3119 nulla
1268 3070 1371 3120 erit
1402 3084 1517 3135 spes
1550 3068 1598 3119 J.
1778 3070 1832 3119 6.
1872 3068 1947 3119 Ee
1986 3083 2089 3119 om.
2132 3066 2267 3119 MCJ.

665 3140 722 3189 7.
759 3138 838 3189 ait
872 3154 974 3189 om.
998 3138 1135 3190 ΜΟ).
1252 3141 1331 3192 10.
1370 3146 1737 3191 {omentorum
1759 3144 1867 3191 eim
1892 3142 1957 3191 Μ.
2060 3142 2143 3191 13.
2166 3140 2263 3190 da-

665 3210 922 3261 mnandos
939 3211 1001 3270 Μ,
1021 3210 1119 3260 al's
1138 3210 1461 3261 damnandos
1478 3212 1596 3261 add.
1612 3213 1675 3261 ad
1696 3226 1860 3277 marg.
1880 3210 1970 3261 Ca.
2047 3212 2130 3261 14.
2149 3211 2263 3261 dum

665 3280 804 3330 dicet
839 3296 942 3332 om.
967 3282 1030 3332 Μ.
1186 3284 1269 3335 15.
1290 3283 1379 3349 quo·
1414 3282 1557 3334 vobis
1586 3291 1805 3351 paratus
1841 3283 2045 3335 diabolo
2079 3292 2131 3335 et
2164 3300 2263 3334 an-

659 3351 794 3419 gelis
831 3355 938 3405 eius
973 3362 1048 3405 est
1086 3355 1154 3408 Μ.
