2507 4119
934 459 1004 495 nx
1042 457 1327 496 munus.
1832 443 1934 496 16⁷

325 583 448 644 tius
497 581 811 660 cohibere,
857 580 1168 644 desideria
1208 579 1423 643 illicita
1467 581 1782 662 frangere,
1810 580 1937 642 -ho-
1989 566 2003 580 ’

330 690 527 753 mines
572 694 1011 769 contemnere,
1055 695 1373 770 postremo
1416 689 1711 752 universa
1755 688 1938 752 blan-

331 795 598 860 (timente
646 815 963 878 respuere.
1049 798 1141 860 De
1182 797 1302 859 huc
1346 813 1613 878 sponsus
1660 798 1721 859 in
1769 796 1967 860 Can-'

330 907 456 969 tico
522 907 752 969 amoris
809 908 927 968 ait:
1011 907 1177 968 Pone
1258 925 1356 969 me
1422 912 1485 968 ut
1550 905 1937 989 signaculum

331 1031 521 1094 super
563 1031 678 1076 cor
719 1019 918 1091 tuum,
963 1013 1104 1093 quia
1147 1013 1327 1076 fortis
1373 1019 1469 1076 est
1512 1018 1579 1075 ut
1621 1030 1788 1076 mors
1833 1013 1991 1079 di-r>

335 1122 545 1200 lectio,
592 1123 745 1186 dure
788 1123 952 1185 sicut
993 1122 1271 1198 infernus
1320 1120 1702 1185 aemulatio.⁸
1769 1123 1937 1184 Mors

265 1295 269 1299 ,
333 1232 496 1293 enim
543 1231 824 1294 viventes
865 1230 1201 1312 extinguit,
1249 1231 1525 1294 infernus
1576 1236 1776 1293 autem
1820 1248 1941 1294 nec

331 1338 588 1400 mortuis
636 1337 852 1419 parcit.
954 1337 1220 1401 Dilectio
1266 1338 1453 1420 igitur
1504 1344 1569 1400 ut
1625 1355 1792 1400 mors
1844 1343 1943 1401 est

331 1445 528 1508 fortis.
613 1445 766 1508 Nam
789 1446 950 1508 sicut
993 1445 1094 1509 illa
1123 1464 1371 1509 sensum
1414 1448 1642 1524 carnis,
1688 1447 1782 1510 sic
1821 1447 1941 1510 ista

333 1553 620 1618 affectum
653 1554 918 1616 carnalis
947 1555 1489 1635 concupiscentiae
1522 1555 1711 1634 punit.
1772 1556 1941 1618 Dura
1964 1569 2025 1618 10

333 1671 430 1728 est
473 1665 632 1727 sicut
676 1665 956 1727 infernus
1001 1664 1363 1742 aemulatio,
1414 1665 1555 1746 quia
1599 1665 1739 1742 hos,
1784 1683 1941 1746 quos

332 1777 498 1838 intus
542 1775 728 1838 trahit
771 1775 1148 1838 desiderium
1193 1781 1623 1853 aeternorum,
1661 1793 1787 1837 non
1828 1793 1944 1838 so-

332 1882 456 1946 lum
501 1882 724 1946 blanda
765 1900 1083 1964 respuere,
1130 1882 1242 1944 sed
1276 1882 1459 1944 etiam
1497 1881 1783 1959 adversa,
1828 1899 1942 1962 pro

241 2055 247 2064 ,
333 2009 412 2054 eo
459 1990 623 2072 quod
683 1989 882 2073 diligit
933 1988 1379 2071 adipiscendo,
1427 1989 1597 2071 cogit
1652 1989 1941 2053 tolerare.

339 2099 512 2163 Haec
561 2106 656 2163 est
699 2099 946 2180 carium,
990 2116 1147 2179 quae
1171 2098 1328 2161 Abel
1372 2105 1701 2180 martyrem
1738 2099 1939 2177 fecit,b
1969 2116 2037 2165 1⁵.

337 2208 653 2271 Abraham
705 2207 784 2271 de
824 2212 989 2270 terra
1036 2224 1147 2270 suu
1191 2206 1452 2269 eduxit.⁰
1513 2206 1683 2270 Haec
1722 2206 1945 2289 Ioseph

334 2316 401 2378 in
446 2318 732 2401 Aegypto
778 2316 1108 2380 servavit.‹1
1155 2316 1327 2379 Haec
1368 2321 1466 2377 est
1501 2313 1764 2392 flamma,
1788 2334 1948 2396 quae

337 2426 532 2490 tribus
577 2426 782 2506 pueris
845 2425 908 2488 in
973 2426 1232 2489 fornace
1284 2425 1587 2487 flammam
1632 2426 1947 2487 extinxit.⁶

337 2534 508 2598 Haec
555 2539 650 2597 est
696 2534 922 2598 caritas
980 2534 1248 2599 omnium
1294 2534 1598 2598 bonorum
1656 2536 1943 2613 maxime,

337 2646 440 2711 cui
518 2646 606 2708 nil
671 2646 830 2726 sepit
891 2651 1250 2708 extraneum
1326 2644 1425 2708 vel
1478 2662 1781 2725 vsperum
1846 2643 2031 2707 velzo

338 2756 700 2835 confusum,
743 2755 1000 2818 virtutes
1062 2761 1343 2819 caeteras
1400 2753 1732 2817 munimine
1793 2770 1949 2817 suae

482 2890 539 2957 a)
578 2887 728 2939 Cant.
767 2888 821 2949 8,
859 2886 911 2939 6.
1015 2880 1020 2885 ’
1061 2886 1116 2949 b)
1157 2884 1288 2937 Gen.
1331 2886 1385 2947 4,
1428 2884 1481 2936 4.
1518 2884 1573 2937 8.
1720 2888 1777 2951 c)
1812 2882 1945 2935 Gen.

342 2960 649 3098 lg’uququ·
801 2958 855 3029 d)
900 2958 1030 3011 Gen.
1067 2956 1163 3025 41,
1199 2956 1268 3007 37
1309 2970 1424 3023 sqq.
1570 2960 1628 3025 e)
1668 2954 1873 3007 Daniel.
1890 2956 1945 3021 3,

485 3205 537 3258 4.
579 3213 634 3257 ut
670 3219 772 3255 orn.
799 3204 866 3255 Μ.
1014 3204 1064 3257 5.
1104 3216 1259 3269 cuper
1296 3216 1390 3251 eor
1421 3204 1583 3269 tuum]
1610 3200 1701 3251 sub
1728 3164 1945 3251 brachio

347 3284 438 3329 tuo
475 3276 543 3328 Μ.
689 3275 741 3327 8.
767 3274 950 3343 ἐρίων]
991 3288 1118 3341 orgo
1157 3272 1224 3323 M.
1370 3273 1460 3325 20.
1497 3274 1581 3323 cel
1603 3286 1843 3341 asperum
1860 3268 1949 3321 vel

349 3349 645 3417 consutum]
683 3346 775 3397 m‘l'
815 3362 1073 3415 asperum,
1109 3342 1202 3397 m'l’
1247 3347 1519 3413 confusum
1553 3343 1622 3395 Μ.
